<?xml version="1.0" encoding="UTF-8"?>
<!DOCTYPE html PUBLIC "-//W3C//DTD XHTML 1.0 Transitional//EN"
    "http://www.w3.org/TR/xhtml1/DTD/xhtml1-transitional.dtd">
<html xmlns="http://www.w3.org/1999/xhtml" xml:lang="en" lang="en">
 <head>
  <title>
</title>
<meta http-equiv="Content-Type" content="text/html;charset=utf-8" />
  <meta name='ocr-system' content='tesseract 3.04.00' />
  <meta name='ocr-capabilities' content='ocr_page ocr_carea ocr_par ocr_line ocrx_word'/>
</head>
<body>
  <div class='ocr_page' id='page_1' title='image "./quaeexstantcarm01dresgoog_0017.png"; bbox 0 0 3054 4820; ppageno 0'>
   <div class='ocr_carea' id='block_1_1' title="bbox 228 280 927 336">
    <p class='ocr_par' dir='ltr' id='par_1_1' title="bbox 228 280 927 336">
     <span class='ocr_line' id='line_1_1' title="bbox 228 280 927 336; baseline 0.006 -6"><span class='ocrx_word' id='word_1_1' title='bbox 228 290 255 330; x_wconf 84' lang='lat' dir='ltr'><strong>tv</strong></span> <span class='ocrx_word' id='word_1_2' title='bbox 662 280 927 336; x_wconf 70' lang='lat' dir='ltr'><strong>ructuantium.</strong></span> 
     </span>
    </p>
   </div>
   <div class='ocr_carea' id='block_1_2' title="bbox 229 451 1364 738">
    <p class='ocr_par' dir='ltr' id='par_1_2' title="bbox 229 451 1364 738">
     <span class='ocr_line' id='line_1_2' title="bbox 229 451 1362 544; baseline 0.004 -22"><span class='ocrx_word' id='word_1_3' title='bbox 229 470 339 523; x_wconf 76' lang='lat' dir='ltr'><strong>matrim</strong></span> <span class='ocrx_word' id='word_1_4' title='bbox 357 469 479 524; x_wconf 89' lang='lat' dir='ltr'><strong>evectus</strong></span> <span class='ocrx_word' id='word_1_5' title='bbox 495 455 588 544; x_wconf 82' lang='lat' dir='ltr'><strong>est⁸).</strong></span> <span class='ocrx_word' id='word_1_6' title='bbox 614 460 683 524; x_wconf 89' lang='lat' dir='ltr'><strong>Vita</strong></span> <span class='ocrx_word' id='word_1_7' title='bbox 706 469 804 524; x_wconf 88' lang='lat' dir='ltr'><strong>autem</strong></span> <span class='ocrx_word' id='word_1_8' title='bbox 821 451 990 525; x_wconf 79' lang='lat' dir='ltr'><strong>declinante</strong></span> <span class='ocrx_word' id='word_1_9' title='bbox 1005 460 1099 525; x_wconf 90' lang='lat' dir='ltr'><strong>solius</strong></span> <span class='ocrx_word' id='word_1_10' title='bbox 1115 461 1169 524; x_wconf 90' lang='lat' dir='ltr'><strong>Dei</strong></span> <span class='ocrx_word' id='word_1_11' title='bbox 1186 461 1311 526; x_wconf 85' lang='lat' dir='ltr'><strong>servitio</strong></span> <span class='ocrx_word' id='word_1_12' title='bbox 1328 481 1362 526; x_wconf 91' lang='lat' dir='ltr'><strong>se</strong></span> 
     </span>
     <span class='ocr_line' id='line_1_3' title="bbox 232 550 1364 635; baseline 0.001 -18"><span class='ocrx_word' id='word_1_13' title='bbox 232 550 399 634; x_wconf 65' lang='grc'><strong>66666119).</strong></span> <span class='ocrx_word' id='word_1_14' title='bbox 436 552 618 632; x_wconf 74' lang='lat' dir='ltr'><strong>Quibusnam</strong></span> <span class='ocrx_word' id='word_1_15' title='bbox 639 555 710 620; x_wconf 94' lang='lat' dir='ltr'><strong>inde</strong></span> <span class='ocrx_word' id='word_1_16' title='bbox 726 554 906 619; x_wconf 80' lang='lat' dir='ltr'><strong>carminibus</strong></span> <span class='ocrx_word' id='word_1_17' title='bbox 923 557 1019 619; x_wconf 89' lang='lat' dir='ltr'><strong>Deum</strong></span> <span class='ocrx_word' id='word_1_18' title='bbox 1034 555 1310 635; x_wconf 88' lang='lat' dir='ltr'><strong>concelebraverit,</strong></span> <span class='ocrx_word' id='word_1_19' title='bbox 1333 557 1364 618; x_wconf 92' lang='lat' dir='ltr'><strong>id</strong></span> 
     </span>
     <span class='ocr_line' id='line_1_4' title="bbox 230 647 885 738; baseline -0.002 -27"><span class='ocrx_word' id='word_1_20' title='bbox 230 668 272 712; x_wconf 85' lang='lat' dir='ltr'><strong>ex</strong></span> <span class='ocrx_word' id='word_1_21' title='bbox 286 648 324 712; x_wconf 90' lang='lat' dir='ltr'><strong>iis</strong></span> <span class='ocrx_word' id='word_1_22' title='bbox 340 647 445 711; x_wconf 81' lang='grc'><strong>616666</strong></span> <span class='ocrx_word' id='word_1_23' title='bbox 461 659 519 726; x_wconf 86' lang='grc'><strong>661,</strong></span> <span class='ocrx_word' id='word_1_24' title='bbox 537 669 613 730; x_wconf 88' lang='lat' dir='ltr'><strong>quae</strong></span> <span class='ocrx_word' id='word_1_25' title='bbox 628 657 800 732; x_wconf 76' lang='lat' dir='ltr'><strong>supersunt.</strong></span> <span class='ocrx_word' id='word_1_26' title='bbox 833 733 835 738; x_wconf 65' lang='lat'><strong>,</strong></span> <span class='ocrx_word' id='word_1_27' title='bbox 883 669 885 674; x_wconf 68' lang='grc'>’</span> 
     </span>
    </p>
   </div>
   <div class='ocr_carea' id='block_1_3' title="bbox 231 834 1405 3651">
    <p class='ocr_par' dir='ltr' id='par_1_3' title="bbox 231 834 1405 3651">
     <span class='ocr_line' id='line_1_5' title="bbox 301 834 1364 902; baseline -0.001 -13"><span class='ocrx_word' id='word_1_28' title='bbox 301 839 329 901; x_wconf 91' lang='grc'>8)</span> <span class='ocrx_word' id='word_1_29' title='bbox 348 836 412 888; x_wconf 82' lang='lat' dir='ltr'><strong>ibid.</strong></span> <span class='ocrx_word' id='word_1_30' title='bbox 425 852 451 887; x_wconf 85' lang='lat' dir='ltr'><strong>v.</strong></span> <span class='ocrx_word' id='word_1_31' title='bbox 468 836 577 886; x_wconf 89' lang='grc'><strong>19...21.</strong></span> <span class='ocrx_word' id='word_1_32' title='bbox 605 835 699 902; x_wconf 78' lang='lat' dir='ltr'><strong>„Quae</strong></span> <span class='ocrx_word' id='word_1_33' title='bbox 712 836 791 886; x_wconf 88' lang='lat' dir='ltr'><strong>verba</strong></span> <span class='ocrx_word' id='word_1_34' title='bbox 805 851 861 887; x_wconf 91' lang='lat' dir='ltr'><strong>com</strong></span> <span class='ocrx_word' id='word_1_35' title='bbox 875 836 941 887; x_wconf 89' lang='lat' dir='ltr'><strong>male</strong></span> <span class='ocrx_word' id='word_1_36' title='bbox 959 836 1144 900; x_wconf 74' lang='lat' dir='ltr'><strong>intellegerent</strong></span> <span class='ocrx_word' id='word_1_37' title='bbox 1156 837 1215 888; x_wconf 81' lang='grc'><strong>6116.</strong></span> <span class='ocrx_word' id='word_1_38' title='bbox 1231 834 1364 888; x_wconf 75' lang='lat' dir='ltr'><strong>Manutius</strong></span> 
     </span>
     <span class='ocr_line' id='line_1_6' title="bbox 232 903 1364 974; baseline -0.002 -16"><span class='ocrx_word' id='word_1_39' title='bbox 232 915 259 958; x_wconf 91' lang='lat' dir='ltr'><strong>et</strong></span> <span class='ocrx_word' id='word_1_40' title='bbox 277 905 363 956; x_wconf 87' lang='grc'><strong>116666.</strong></span> <span class='ocrx_word' id='word_1_41' title='bbox 380 903 514 955; x_wconf 84' lang='lat' dir='ltr'><strong>Tolicbius</strong></span> <span class='ocrx_word' id='word_1_42' title='bbox 526 912 586 956; x_wconf 90' lang='lat' dir='ltr'><strong>ante</strong></span> <span class='ocrx_word' id='word_1_43' title='bbox 605 907 693 956; x_wconf 91' lang='lat' dir='ltr'><strong>oculos</strong></span> <span class='ocrx_word' id='word_1_44' title='bbox 712 905 834 956; x_wconf 83' lang='lat' dir='ltr'><strong>babentes</strong></span> <span class='ocrx_word' id='word_1_45' title='bbox 856 905 935 974; x_wconf 81' lang='lat' dir='ltr'><strong>verba</strong></span> <span class='ocrx_word' id='word_1_46' title='bbox 954 903 1070 957; x_wconf 88' lang='lat' dir='ltr'><strong>Gennod.</strong></span> <span class='ocrx_word' id='word_1_47' title='bbox 1091 907 1122 970; x_wconf 94' lang='grc' dir='ltr'><strong>(Ι.</strong></span> <span class='ocrx_word' id='word_1_48' title='bbox 1137 907 1172 956; x_wconf 85' lang='lat' dir='ltr'><strong>l.:</strong></span> <span class='ocrx_word' id='word_1_49' title='bbox 1194 923 1229 956; x_wconf 79' lang='lat' dir='ltr'><strong>ea·</strong></span> <span class='ocrx_word' id='word_1_50' title='bbox 1247 922 1364 973; x_wconf 85' lang='lat' dir='ltr'><strong>quoram</strong></span> 
     </span>
     <span class='ocr_line' id='line_1_7' title="bbox 231 973 1364 1041; baseline -0.003 -14"><span class='ocrx_word' id='word_1_51' title='bbox 231 978 344 1027; x_wconf 83' lang='lat' dir='ltr'><strong>tectione</strong></span> <span class='ocrx_word' id='word_1_52' title='bbox 360 974 431 1036; x_wconf 88' lang='lat' dir='ltr'><strong>(libr.</strong></span> <span class='ocrx_word' id='word_1_53' title='bbox 453 990 476 1024; x_wconf 90' lang='lat' dir='ltr'><strong>c.</strong></span> <span class='ocrx_word' id='word_1_54' title='bbox 492 973 601 1041; x_wconf 83' lang='lat' dir='ltr'><strong>Symm.)</strong></span> <span class='ocrx_word' id='word_1_55' title='bbox 620 976 782 1038; x_wconf 76' lang='lat' dir='ltr'><strong>agnoscitur</strong></span> <span class='ocrx_word' id='word_1_56' title='bbox 801 974 878 1026; x_wconf 86' lang='lat' dir='ltr'><strong>miles</strong></span> <span class='ocrx_word' id='word_1_57' title='bbox 893 974 1040 1024; x_wconf 86' lang='lat' dir='ltr'><strong>Poiotiuus</strong></span> <span class='ocrx_word' id='word_1_58' title='bbox 1054 975 1175 1040; x_wconf 74' lang='lat' dir='ltr'><strong>juisse),</strong></span> <span class='ocrx_word' id='word_1_59' title='bbox 1195 973 1294 1040; x_wconf 86' lang='lat' dir='ltr'><strong>poetam</strong></span> <span class='ocrx_word' id='word_1_60' title='bbox 1314 975 1364 1025; x_wconf 90' lang='lat' dir='ltr'><strong>sub</strong></span> 
     </span>
     <span class='ocr_line' id='line_1_8' title="bbox 232 1043 1366 1109; baseline -0.004 -13"><span class='ocrx_word' id='word_1_61' title='bbox 232 1044 344 1096; x_wconf 80' lang='lat' dir='ltr'><strong>Honorio</strong></span> <span class='ocrx_word' id='word_1_62' title='bbox 358 1044 418 1109; x_wconf 87' lang='lat' dir='ltr'><strong>imp.</strong></span> <span class='ocrx_word' id='word_1_63' title='bbox 433 1044 536 1108; x_wconf 81' lang='lat' dir='ltr'><strong>egregie</strong></span> <span class='ocrx_word' id='word_1_64' title='bbox 550 1043 675 1092; x_wconf 80' lang='lat' dir='ltr'><strong>militasse</strong></span> <span class='ocrx_word' id='word_1_65' title='bbox 689 1043 830 1092; x_wconf 87' lang='lat' dir='ltr'><strong>halucinati</strong></span> <span class='ocrx_word' id='word_1_66' title='bbox 844 1051 913 1101; x_wconf 81' lang='lat' dir='ltr'><strong>sunt,</strong></span> <span class='ocrx_word' id='word_1_67' title='bbox 928 1043 1061 1108; x_wconf 90' lang='lat' dir='ltr'><strong>eidemque</strong></span> <span class='ocrx_word' id='word_1_68' title='bbox 1074 1043 1195 1109; x_wconf 83' lang='lat' dir='ltr'><strong>scriptori</strong></span> <span class='ocrx_word' id='word_1_69' title='bbox 1208 1043 1282 1094; x_wconf 86' lang='lat' dir='ltr'><strong>iidem</strong></span> <span class='ocrx_word' id='word_1_70' title='bbox 1296 1059 1366 1094; x_wconf 93' lang='lat' dir='ltr'><strong>sum·</strong></span> 
     </span>
     <span class='ocr_line' id='line_1_9' title="bbox 231 1111 1363 1178; baseline -0.003 -14"><span class='ocrx_word' id='word_1_71' title='bbox 231 1129 295 1164; x_wconf 91' lang='lat' dir='ltr'><strong>mam</strong></span> <span class='ocrx_word' id='word_1_72' title='bbox 315 1113 433 1162; x_wconf 88' lang='lat' dir='ltr'><strong>tribuunt</strong></span> <span class='ocrx_word' id='word_1_73' title='bbox 450 1111 519 1161; x_wconf 87' lang='lat' dir='ltr'><strong>Patr.</strong></span> <span class='ocrx_word' id='word_1_74' title='bbox 540 1111 654 1162; x_wconf 88' lang='lat' dir='ltr'><strong>Crinitus</strong></span> <span class='ocrx_word' id='word_1_75' title='bbox 674 1112 717 1173; x_wconf 91' lang='lat' dir='ltr'><strong>(de</strong></span> <span class='ocrx_word' id='word_1_76' title='bbox 730 1119 798 1176; x_wconf 90' lang='lat' dir='ltr'><strong>poet.</strong></span> <span class='ocrx_word' id='word_1_77' title='bbox 814 1113 860 1162; x_wconf 88' lang='lat' dir='ltr'><strong>iat.</strong></span> <span class='ocrx_word' id='word_1_78' title='bbox 877 1111 909 1174; x_wconf 92' lang='lat' dir='ltr'><strong>V,</strong></span> <span class='ocrx_word' id='word_1_79' title='bbox 920 1111 976 1178; x_wconf 97' lang='grc'>90),</span> <span class='ocrx_word' id='word_1_80' title='bbox 1000 1113 1086 1162; x_wconf 82' lang='lat' dir='ltr'><strong>barth.</strong></span> <span class='ocrx_word' id='word_1_81' title='bbox 1101 1113 1223 1174; x_wconf 79' lang='lat' dir='ltr'><strong>(navers.</strong></span> <span class='ocrx_word' id='word_1_82' title='bbox 1237 1111 1303 1176; x_wconf 85' lang='lat' dir='ltr'><strong>LIV,</strong></span> <span class='ocrx_word' id='word_1_83' title='bbox 1322 1112 1363 1170; x_wconf 91' lang='grc'><strong>18,</strong></span> 
     </span>
     <span class='ocr_line' id='line_1_10' title="bbox 232 1179 1363 1248; baseline -0.002 -16"><span class='ocrx_word' id='word_1_84' title='bbox 232 1181 446 1248; x_wconf 78' lang='grc' dir='ltr'><strong>661Ρ6666.666</strong></span> <span class='ocrx_word' id='word_1_85' title='bbox 465 1179 565 1244; x_wconf 82' lang='grc'><strong>611661),</strong></span> <span class='ocrx_word' id='word_1_86' title='bbox 585 1179 864 1248; x_wconf 83' lang='grc' dir='ltr'><strong>Τ16ο66.Ρο66-1116661</strong></span> <span class='ocrx_word' id='word_1_87' title='bbox 882 1179 1006 1246; x_wconf 81' lang='lat' dir='ltr'><strong>(Censura</strong></span> <span class='ocrx_word' id='word_1_88' title='bbox 1027 1181 1122 1231; x_wconf 90' lang='lat' dir='ltr'><strong>celebr.</strong></span> <span class='ocrx_word' id='word_1_89' title='bbox 1146 1188 1245 1231; x_wconf 89' lang='lat' dir='ltr'><strong>auctor.</strong></span> <span class='ocrx_word' id='word_1_90' title='bbox 1261 1197 1285 1246; x_wconf 94' lang='lat' dir='ltr'><strong>p.</strong></span> <span class='ocrx_word' id='word_1_91' title='bbox 1301 1179 1363 1244; x_wconf 91' lang='grc'>284,</span> 
     </span>
     <span class='ocr_line' id='line_1_11' title="bbox 231 1247 1401 1315; baseline -0.003 -13"><span class='ocrx_word' id='word_1_92' title='bbox 231 1253 272 1303; x_wconf 90' lang='grc'><strong>66.</strong></span> <span class='ocrx_word' id='word_1_93' title='bbox 289 1249 385 1300; x_wconf 82' lang='lat' dir='ltr'><strong>Gener.</strong></span> <span class='ocrx_word' id='word_1_94' title='bbox 398 1249 472 1298; x_wconf 91' lang='grc'><strong>1694.</strong></span> <span class='ocrx_word' id='word_1_95' title='bbox 482 1247 520 1315; x_wconf 92' lang='grc'><strong>4),</strong></span> <span class='ocrx_word' id='word_1_96' title='bbox 535 1250 640 1300; x_wconf 74' lang='grc'><strong>666616.</strong></span> <span class='ocrx_word' id='word_1_97' title='bbox 656 1249 749 1315; x_wconf 86' lang='grc'><strong>(66661.</strong></span> <span class='ocrx_word' id='word_1_98' title='bbox 761 1249 792 1299; x_wconf 95' lang='grc'><strong>66</strong></span> <span class='ocrx_word' id='word_1_99' title='bbox 804 1263 872 1299; x_wconf 81' lang='lat' dir='ltr'><strong>uera.</strong></span> <span class='ocrx_word' id='word_1_100' title='bbox 888 1249 1017 1299; x_wconf 82' lang='grc'><strong>11611166.</strong></span> <span class='ocrx_word' id='word_1_101' title='bbox 1030 1248 1261 1315; x_wconf 82' lang='lat' dir='ltr'><strong>c.Symm.Venet.</strong></span> <span class='ocrx_word' id='word_1_102' title='bbox 1274 1249 1363 1313; x_wconf 82' lang='lat'><strong>1754),</strong></span> <span class='ocrx_word' id='word_1_103' title='bbox 1397 1305 1401 1312; x_wconf 45' lang='grc'>,</span> 
     </span>
     <span class='ocr_line' id='line_1_12' title="bbox 233 1317 1363 1387; baseline -0.002 -17"><span class='ocrx_word' id='word_1_104' title='bbox 233 1319 338 1387; x_wconf 78' lang='grc'><strong>6661166</strong></span> <span class='ocrx_word' id='word_1_105' title='bbox 352 1318 381 1380; x_wconf 91' lang='grc'><strong>(1.</strong></span> <span class='ocrx_word' id='word_1_106' title='bbox 397 1318 414 1367; x_wconf 94' lang='grc'><strong>1.</strong></span> <span class='ocrx_word' id='word_1_107' title='bbox 428 1334 453 1384; x_wconf 92' lang='grc'><strong>6.</strong></span> <span class='ocrx_word' id='word_1_108' title='bbox 468 1319 547 1382; x_wconf 87' lang='grc'>823),</span> <span class='ocrx_word' id='word_1_109' title='bbox 568 1317 662 1369; x_wconf 87' lang='lat' dir='ltr'><strong>Morari</strong></span> <span class='ocrx_word' id='word_1_110' title='bbox 677 1319 778 1382; x_wconf 82' lang='lat' dir='ltr'><strong>(grand.</strong></span> <span class='ocrx_word' id='word_1_111' title='bbox 795 1317 1058 1369; x_wconf 83' lang='grc'><strong>61611666166616166.</strong></span> <span class='ocrx_word' id='word_1_112' title='bbox 1072 1318 1104 1380; x_wconf 91' lang='lat' dir='ltr'><strong>V,</strong></span> <span class='ocrx_word' id='word_1_113' title='bbox 1119 1335 1143 1386; x_wconf 88' lang='lat' dir='ltr'><strong>p.</strong></span> <span class='ocrx_word' id='word_1_114' title='bbox 1160 1319 1253 1382; x_wconf 85' lang='grc'><strong>1115),</strong></span> <span class='ocrx_word' id='word_1_115' title='bbox 1274 1317 1363 1382; x_wconf 85' lang='lat' dir='ltr'><strong>ijrn.</strong></span> 
     </span>
     <span class='ocr_line' id='line_1_13' title="bbox 232 1386 1364 1455; baseline -0.002 -17"><span class='ocrx_word' id='word_1_116' title='bbox 232 1387 337 1455; x_wconf 84' lang='lat' dir='ltr'><strong>(liymni</strong></span> <span class='ocrx_word' id='word_1_117' title='bbox 357 1386 425 1436; x_wconf 90' lang='lat' dir='ltr'><strong>sacri</strong></span> <span class='ocrx_word' id='word_1_118' title='bbox 445 1395 495 1437; x_wconf 91' lang='lat' dir='ltr'><strong>etc.</strong></span> <span class='ocrx_word' id='word_1_119' title='bbox 516 1387 729 1451; x_wconf 89' lang='grc'><strong>116661661818,</strong></span> <span class='ocrx_word' id='word_1_120' title='bbox 752 1402 777 1451; x_wconf 92' lang='lat' dir='ltr'><strong>p.</strong></span> <span class='ocrx_word' id='word_1_121' title='bbox 793 1389 837 1452; x_wconf 90' lang='grc'>74)</span> <span class='ocrx_word' id='word_1_122' title='bbox 857 1387 969 1453; x_wconf 90' lang='lat' dir='ltr'><strong>aliique,</strong></span> <span class='ocrx_word' id='word_1_123' title='bbox 993 1388 1037 1437; x_wconf 87' lang='lat' dir='ltr'><strong>sed</strong></span> <span class='ocrx_word' id='word_1_124' title='bbox 1057 1387 1110 1437; x_wconf 90' lang='lat' dir='ltr'><strong>vid.</strong></span> <span class='ocrx_word' id='word_1_125' title='bbox 1126 1387 1156 1437; x_wconf 92' lang='lat' dir='ltr'><strong>de</strong></span> <span class='ocrx_word' id='word_1_126' title='bbox 1169 1387 1364 1438; x_wconf 87' lang='lat' dir='ltr'><strong>miiiiioevoce</strong></span> 
     </span>
     <span class='ocr_line' id='line_1_14' title="bbox 233 1455 1366 1527; baseline -0.004 -19"><span class='ocrx_word' id='word_1_127' title='bbox 233 1455 322 1508; x_wconf 87' lang='lat' dir='ltr'><strong>a&#39;dnot.</strong></span> <span class='ocrx_word' id='word_1_128' title='bbox 338 1463 419 1506; x_wconf 89' lang='lat' dir='ltr'><strong>nostr.</strong></span> <span class='ocrx_word' id='word_1_129' title='bbox 439 1472 462 1523; x_wconf 95' lang='lat' dir='ltr'><strong>p.</strong></span> <span class='ocrx_word' id='word_1_130' title='bbox 479 1457 503 1505; x_wconf 91' lang='grc'><strong>2.</strong></span> <span class='ocrx_word' id='word_1_131' title='bbox 519 1455 597 1520; x_wconf 89' lang='lat' dir='ltr'><strong>Cum,</strong></span> <span class='ocrx_word' id='word_1_132' title='bbox 611 1455 676 1522; x_wconf 91' lang='lat' dir='ltr'><strong>qnod</strong></span> <span class='ocrx_word' id='word_1_133' title='bbox 689 1471 795 1518; x_wconf 87' lang='lat' dir='ltr'><strong>munus,</strong></span> <span class='ocrx_word' id='word_1_134' title='bbox 810 1471 859 1527; x_wconf 91' lang='lat' dir='ltr'><strong>quo</strong></span> <span class='ocrx_word' id='word_1_135' title='bbox 874 1455 1029 1506; x_wconf 84' lang='lat' dir='ltr'><strong>Prudentius</strong></span> <span class='ocrx_word' id='word_1_136' title='bbox 1042 1456 1118 1506; x_wconf 90' lang='lat' dir='ltr'><strong>lateri</strong></span> <span class='ocrx_word' id='word_1_137' title='bbox 1131 1456 1293 1522; x_wconf 87' lang='lat' dir='ltr'><strong>imperatoris</strong></span> <span class='ocrx_word' id='word_1_138' title='bbox 1306 1471 1366 1521; x_wconf 91' lang='lat' dir='ltr'><strong>pro·</strong></span> 
     </span>
     <span class='ocr_line' id='line_1_15' title="bbox 233 1523 1364 1592; baseline -0.003 -17"><span class='ocrx_word' id='word_1_139' title='bbox 233 1528 289 1592; x_wconf 91' lang='lat' dir='ltr'><strong>piar</strong></span> <span class='ocrx_word' id='word_1_140' title='bbox 303 1525 390 1588; x_wconf 89' lang='grc'><strong>166611,</strong></span> <span class='ocrx_word' id='word_1_141' title='bbox 406 1525 604 1588; x_wconf 79' lang='lat' dir='ltr'><strong>intellegendum</strong></span> <span class='ocrx_word' id='word_1_142' title='bbox 619 1526 668 1587; x_wconf 88' lang='lat' dir='ltr'><strong>sit,</strong></span> <span class='ocrx_word' id='word_1_143' title='bbox 683 1531 731 1574; x_wconf 88' lang='grc'><strong>1666</strong></span> <span class='ocrx_word' id='word_1_144' title='bbox 745 1525 809 1574; x_wconf 88' lang='grc'><strong>66116</strong></span> <span class='ocrx_word' id='word_1_145' title='bbox 823 1532 959 1590; x_wconf 88' lang='grc'><strong>66666661,</strong></span> <span class='ocrx_word' id='word_1_146' title='bbox 974 1525 1064 1575; x_wconf 88' lang='grc'><strong>1161166</strong></span> <span class='ocrx_word' id='word_1_147' title='bbox 1076 1523 1243 1576; x_wconf 88' lang='grc' dir='ltr'><strong>Ν666166666.</strong></span> <span class='ocrx_word' id='word_1_148' title='bbox 1259 1525 1289 1574; x_wconf 94' lang='grc'><strong>66</strong></span> <span class='ocrx_word' id='word_1_149' title='bbox 1304 1525 1329 1575; x_wconf 95' lang='lat' dir='ltr'><strong>b.</strong></span> <span class='ocrx_word' id='word_1_150' title='bbox 1344 1523 1364 1572; x_wconf 90' lang='lat' dir='ltr'><strong>l.</strong></span> 
     </span>
     <span class='ocr_line' id='line_1_16' title="bbox 232 1592 1365 1660; baseline -0.003 -15"><span class='ocrx_word' id='word_1_151' title='bbox 232 1601 259 1645; x_wconf 92' lang='lat' dir='ltr'><strong>et</strong></span> <span class='ocrx_word' id='word_1_152' title='bbox 273 1593 376 1643; x_wconf 90' lang='lat' dir='ltr'><strong>Silbert.</strong></span> <span class='ocrx_word' id='word_1_153' title='bbox 392 1609 416 1658; x_wconf 94' lang='lat' dir='ltr'><strong>p.</strong></span> <span class='ocrx_word' id='word_1_154' title='bbox 433 1592 471 1644; x_wconf 85' lang='lat' dir='ltr'><strong>tx</strong></span> <span class='ocrx_word' id='word_1_155' title='bbox 488 1610 544 1644; x_wconf 93' lang='lat' dir='ltr'><strong>eum</strong></span> <span class='ocrx_word' id='word_1_156' title='bbox 563 1595 594 1644; x_wconf 93' lang='grc'><strong>66</strong></span> <span class='ocrx_word' id='word_1_157' title='bbox 606 1595 783 1660; x_wconf 74' lang='lat' dir='ltr'><strong>praefectura</strong></span> <span class='ocrx_word' id='word_1_158' title='bbox 794 1597 932 1658; x_wconf 86' lang='lat' dir='ltr'><strong>praetorii</strong></span> <span class='ocrx_word' id='word_1_159' title='bbox 951 1594 1037 1644; x_wconf 90' lang='grc'><strong>616666</strong></span> <span class='ocrx_word' id='word_1_160' title='bbox 1057 1595 1220 1656; x_wconf 87' lang='grc'><strong>6161666661,</strong></span> <span class='ocrx_word' id='word_1_161' title='bbox 1240 1592 1284 1643; x_wconf 88' lang='grc'><strong>666</strong></span> <span class='ocrx_word' id='word_1_162' title='bbox 1305 1592 1365 1642; x_wconf 87' lang='grc'><strong>11166</strong></span> 
     </span>
     <span class='ocr_line' id='line_1_17' title="bbox 233 1661 1366 1729; baseline -0.002 -17"><span class='ocrx_word' id='word_1_163' title='bbox 233 1662 378 1729; x_wconf 87' lang='grc'><strong>6666166166</strong></span> <span class='ocrx_word' id='word_1_164' title='bbox 392 1678 421 1712; x_wconf 90' lang='grc'><strong>66</strong></span> <span class='ocrx_word' id='word_1_165' title='bbox 434 1663 535 1728; x_wconf 90' lang='lat' dir='ltr'><strong>quidem</strong></span> <span class='ocrx_word' id='word_1_166' title='bbox 549 1670 661 1729; x_wconf 92' lang='lat' dir='ltr'><strong>tempure</strong></span> <span class='ocrx_word' id='word_1_167' title='bbox 675 1663 700 1712; x_wconf 94' lang='lat' dir='ltr'><strong>in</strong></span> <span class='ocrx_word' id='word_1_168' title='bbox 714 1663 834 1727; x_wconf 86' lang='lat' dir='ltr'><strong>Hispania</strong></span> <span class='ocrx_word' id='word_1_169' title='bbox 849 1662 935 1712; x_wconf 89' lang='grc'><strong>6666666</strong></span> <span class='ocrx_word' id='word_1_170' title='bbox 950 1678 996 1713; x_wconf 89' lang='grc'><strong>666</strong></span> <span class='ocrx_word' id='word_1_171' title='bbox 1012 1662 1133 1713; x_wconf 86' lang='lat' dir='ltr'><strong>babuisse</strong></span> <span class='ocrx_word' id='word_1_172' title='bbox 1143 1663 1220 1713; x_wconf 75' lang='lat' dir='ltr'><strong>Arev.</strong></span> <span class='ocrx_word' id='word_1_173' title='bbox 1237 1661 1271 1727; x_wconf 95' lang='grc'><strong>(1,</strong></span> <span class='ocrx_word' id='word_1_174' title='bbox 1286 1677 1310 1728; x_wconf 94' lang='lat' dir='ltr'><strong>p.</strong></span> <span class='ocrx_word' id='word_1_175' title='bbox 1320 1661 1366 1724; x_wconf 87' lang='grc'><strong>30)</strong></span> 
     </span>
     <span class='ocr_line' id='line_1_18' title="bbox 234 1729 1365 1797; baseline -0.003 -15"><span class='ocrx_word' id='word_1_176' title='bbox 234 1734 297 1782; x_wconf 89' lang='grc'><strong>6666</strong></span> <span class='ocrx_word' id='word_1_177' title='bbox 319 1731 447 1781; x_wconf 86' lang='lat' dir='ltr'><strong>ostendit:</strong></span> <span class='ocrx_word' id='word_1_178' title='bbox 472 1731 614 1782; x_wconf 85' lang='lat' dir='ltr'><strong>Scbriiclb.</strong></span> <span class='ocrx_word' id='word_1_179' title='bbox 633 1731 697 1797; x_wconf 94' lang='grc'><strong>(1.1.</strong></span> <span class='ocrx_word' id='word_1_180' title='bbox 720 1747 744 1797; x_wconf 73' lang='lat' dir='ltr'><strong>p,</strong></span> <span class='ocrx_word' id='word_1_181' title='bbox 762 1732 822 1796; x_wconf 89' lang='lat'>108)</span> <span class='ocrx_word' id='word_1_182' title='bbox 845 1735 1005 1783; x_wconf 77' lang='lat' dir='ltr'><strong>caecitatum</strong></span> <span class='ocrx_word' id='word_1_183' title='bbox 1026 1731 1134 1781; x_wconf 89' lang='lat' dir='ltr'><strong>indicari</strong></span> <span class='ocrx_word' id='word_1_184' title='bbox 1157 1731 1227 1782; x_wconf 87' lang='lat' dir='ltr'><strong>vult:</strong></span> <span class='ocrx_word' id='word_1_185' title='bbox 1253 1729 1365 1780; x_wconf 80' lang='lat' dir='ltr'><strong>Arevalo</strong></span> 
     </span>
     <span class='ocr_line' id='line_1_19' title="bbox 233 1800 1366 1870; baseline -0.004 -19"><span class='ocrx_word' id='word_1_186' title='bbox 233 1807 316 1851; x_wconf 88' lang='lat' dir='ltr'><strong>autem</strong></span> <span class='ocrx_word' id='word_1_187' title='bbox 335 1800 419 1870; x_wconf 78' lang='lat' dir='ltr'><strong>iudice</strong></span> <span class='ocrx_word' id='word_1_188' title='bbox 435 1805 487 1850; x_wconf 89' lang='lat' dir='ltr'><strong>aut</strong></span> <span class='ocrx_word' id='word_1_189' title='bbox 503 1804 606 1850; x_wconf 86' lang='lat' dir='ltr'><strong>vicario</strong></span> <span class='ocrx_word' id='word_1_190' title='bbox 626 1805 748 1867; x_wconf 87' lang='lat' dir='ltr'><strong>potestas</strong></span> <span class='ocrx_word' id='word_1_191' title='bbox 766 1804 794 1850; x_wconf 89' lang='lat' dir='ltr'><strong>iu</strong></span> <span class='ocrx_word' id='word_1_192' title='bbox 816 1801 961 1864; x_wconf 75' lang='lat' dir='ltr'><strong>Hispania,</strong></span> <span class='ocrx_word' id='word_1_193' title='bbox 980 1806 1032 1851; x_wconf 90' lang='lat' dir='ltr'><strong>aut</strong></span> <span class='ocrx_word' id='word_1_194' title='bbox 1050 1805 1092 1850; x_wconf 84' lang='lat' dir='ltr'><strong>ius</strong></span> <span class='ocrx_word' id='word_1_195' title='bbox 1112 1804 1260 1851; x_wconf 79' lang='lat' dir='ltr'><strong>comitatus</strong></span> <span class='ocrx_word' id='word_1_196' title='bbox 1276 1801 1366 1866; x_wconf 84' lang='lat' dir='ltr'><strong>primi</strong></span> 
     </span>
     <span class='ocr_line' id='line_1_20' title="bbox 235 1869 1365 1935; baseline -0.003 -16"><span class='ocrx_word' id='word_1_197' title='bbox 235 1869 348 1931; x_wconf 84' lang='lat' dir='ltr'><strong>ordinis,</strong></span> <span class='ocrx_word' id='word_1_198' title='bbox 364 1875 415 1934; x_wconf 81' lang='lat' dir='ltr'><strong>out</strong></span> <span class='ocrx_word' id='word_1_199' title='bbox 427 1869 541 1934; x_wconf 82' lang='lat' dir='ltr'><strong>denique</strong></span> <span class='ocrx_word' id='word_1_200' title='bbox 553 1871 641 1920; x_wconf 85' lang='lat' dir='ltr'><strong>bonor</strong></span> <span class='ocrx_word' id='word_1_201' title='bbox 650 1873 828 1935; x_wconf 74' lang='lat' dir='ltr'><strong>proximatus</strong></span> <span class='ocrx_word' id='word_1_202' title='bbox 839 1869 923 1919; x_wconf 86' lang='lat' dir='ltr'><strong>simoi</strong></span> <span class='ocrx_word' id='word_1_203' title='bbox 934 1885 991 1919; x_wconf 89' lang='lat' dir='ltr'><strong>cum</strong></span> <span class='ocrx_word' id='word_1_204' title='bbox 1006 1873 1161 1920; x_wconf 80' lang='lat' dir='ltr'><strong>evocatoria</strong></span> <span class='ocrx_word' id='word_1_205' title='bbox 1171 1871 1306 1935; x_wconf 82' lang='lat' dir='ltr'><strong>principis</strong></span> <span class='ocrx_word' id='word_1_206' title='bbox 1319 1883 1365 1916; x_wconf 85' lang='lat' dir='ltr'><strong>seu</strong></span> 
     </span>
     <span class='ocr_line' id='line_1_21' title="bbox 234 1935 1366 2003; baseline -0.004 -15"><span class='ocrx_word' id='word_1_207' title='bbox 234 1941 355 1988; x_wconf 84' lang='lat' dir='ltr'><strong>iussione</strong></span> <span class='ocrx_word' id='word_1_208' title='bbox 367 1943 485 2003; x_wconf 81' lang='lat' dir='ltr'><strong>augusto</strong></span> <span class='ocrx_word' id='word_1_209' title='bbox 498 1939 684 2003; x_wconf 80' lang='lat' dir='ltr'><strong>velfocoitote</strong></span> <span class='ocrx_word' id='word_1_210' title='bbox 697 1937 840 1988; x_wconf 85' lang='lat' dir='ltr'><strong>accedendi</strong></span> <span class='ocrx_word' id='word_1_211' title='bbox 851 1938 887 1986; x_wconf 88' lang='grc'><strong>66</strong></span> <span class='ocrx_word' id='word_1_212' title='bbox 899 1941 1059 1989; x_wconf 85' lang='lat' dir='ltr'><strong>comitatum</strong></span> <span class='ocrx_word' id='word_1_213' title='bbox 1072 1941 1205 2003; x_wconf 83' lang='lat' dir='ltr'><strong>principis</strong></span> <span class='ocrx_word' id='word_1_214' title='bbox 1225 1935 1366 2000; x_wconf 71' lang='grc'><strong>6166166661</strong></span> 
     </span>
     <span class='ocr_line' id='line_1_22' title="bbox 234 2005 1367 2074; baseline -0.002 -18"><span class='ocrx_word' id='word_1_215' title='bbox 234 2013 327 2074; x_wconf 89' lang='lat' dir='ltr'><strong>potest.</strong></span> <span class='ocrx_word' id='word_1_216' title='bbox 349 2005 928 2074; x_wconf 80' lang='grc'><strong>86666666666116666661666661666666666</strong></span> <span class='ocrx_word' id='word_1_217' title='bbox 945 2011 1112 2072; x_wconf 82' lang='lat' dir='ltr'><strong>patriciatus</strong></span> <span class='ocrx_word' id='word_1_218' title='bbox 1127 2007 1194 2070; x_wconf 88' lang='grc'><strong>1611,</strong></span> <span class='ocrx_word' id='word_1_219' title='bbox 1209 2021 1306 2071; x_wconf 91' lang='lat' dir='ltr'><strong>neque,</strong></span> <span class='ocrx_word' id='word_1_220' title='bbox 1322 2019 1367 2054; x_wconf 91' lang='lat' dir='ltr'><strong>cur</strong></span> 
     </span>
     <span class='ocr_line' id='line_1_23' title="bbox 235 2075 1365 2140; baseline -0.001 -15"><span class='ocrx_word' id='word_1_221' title='bbox 235 2091 293 2126; x_wconf 89' lang='lat' dir='ltr'><strong>cum</strong></span> <span class='ocrx_word' id='word_1_222' title='bbox 314 2075 452 2126; x_wconf 86' lang='lat' dir='ltr'><strong>Prudentia</strong></span> <span class='ocrx_word' id='word_1_223' title='bbox 474 2091 522 2124; x_wconf 90' lang='lat' dir='ltr'><strong>non</strong></span> <span class='ocrx_word' id='word_1_224' title='bbox 542 2091 599 2126; x_wconf 87' lang='lat' dir='ltr'><strong>esse</strong></span> <span class='ocrx_word' id='word_1_225' title='bbox 619 2076 743 2127; x_wconf 87' lang='lat' dir='ltr'><strong>tributum</strong></span> <span class='ocrx_word' id='word_1_226' title='bbox 762 2075 913 2140; x_wconf 88' lang='lat' dir='ltr'><strong>credamus,</strong></span> <span class='ocrx_word' id='word_1_227' title='bbox 933 2075 1049 2126; x_wconf 85' lang='lat' dir='ltr'><strong>caussam</strong></span> <span class='ocrx_word' id='word_1_228' title='bbox 1068 2077 1159 2125; x_wconf 85' lang='lat' dir='ltr'><strong>video:</strong></span> <span class='ocrx_word' id='word_1_229' title='bbox 1181 2075 1204 2125; x_wconf 89' lang='lat' dir='ltr'><strong>si</strong></span> <span class='ocrx_word' id='word_1_230' title='bbox 1222 2075 1303 2139; x_wconf 90' lang='lat' dir='ltr'><strong>ipsum</strong></span> <span class='ocrx_word' id='word_1_231' title='bbox 1317 2088 1365 2124; x_wconf 88' lang='lat' dir='ltr'><strong>nau</strong></span> 
     </span>
     <span class='ocr_line' id='line_1_24' title="bbox 232 2144 1367 2211; baseline -0.002 -18"><span class='ocrx_word' id='word_1_232' title='bbox 232 2147 414 2211; x_wconf 86' lang='lat' dir='ltr'><strong>patriciatum</strong></span> <span class='ocrx_word' id='word_1_233' title='bbox 427 2145 604 2196; x_wconf 82' lang='lat' dir='ltr'><strong>bonorarium</strong></span> <span class='ocrx_word' id='word_1_234' title='bbox 619 2145 841 2210; x_wconf 72' lang='lat' dir='ltr'><strong>(codicillorum),</strong></span> <span class='ocrx_word' id='word_1_235' title='bbox 856 2161 911 2194; x_wconf 89' lang='lat' dir='ltr'><strong>cum</strong></span> <span class='ocrx_word' id='word_1_236' title='bbox 924 2161 973 2211; x_wconf 91' lang='lat' dir='ltr'><strong>quo</strong></span> <span class='ocrx_word' id='word_1_237' title='bbox 987 2145 1086 2194; x_wconf 90' lang='lat' dir='ltr'><strong>nomine</strong></span> <span class='ocrx_word' id='word_1_238' title='bbox 1099 2159 1190 2193; x_wconf 90' lang='lat' dir='ltr'><strong>munus</strong></span> <span class='ocrx_word' id='word_1_239' title='bbox 1203 2144 1367 2193; x_wconf 88' lang='lat' dir='ltr'><strong>coniunctum</strong></span> 
     </span>
     <span class='ocr_line' id='line_1_25' title="bbox 236 2212 1405 2280; baseline -0.002 -18"><span class='ocrx_word' id='word_1_240' title='bbox 236 2229 284 2262; x_wconf 93' lang='lat' dir='ltr'><strong>non</strong></span> <span class='ocrx_word' id='word_1_241' title='bbox 298 2219 364 2276; x_wconf 92' lang='grc'><strong>6661,</strong></span> <span class='ocrx_word' id='word_1_242' title='bbox 379 2212 423 2262; x_wconf 86' lang='grc'><strong>666</strong></span> <span class='ocrx_word' id='word_1_243' title='bbox 434 2215 635 2279; x_wconf 85' lang='lat' dir='ltr'><strong>praesentalem</strong></span> <span class='ocrx_word' id='word_1_244' title='bbox 657 2215 700 2280; x_wconf 90' lang='lat' dir='ltr'><strong>qui</strong></span> <span class='ocrx_word' id='word_1_245' title='bbox 721 2214 810 2278; x_wconf 89' lang='lat' dir='ltr'><strong>„viris</strong></span> <span class='ocrx_word' id='word_1_246' title='bbox 824 2214 855 2263; x_wconf 90' lang='lat' dir='ltr'><strong>de</strong></span> <span class='ocrx_word' id='word_1_247' title='bbox 868 2214 998 2280; x_wconf 84' lang='lat' dir='ltr'><strong>republica</strong></span> <span class='ocrx_word' id='word_1_248' title='bbox 1019 2214 1112 2280; x_wconf 89' lang='lat' dir='ltr'><strong>optime</strong></span> <span class='ocrx_word' id='word_1_249' title='bbox 1125 2212 1226 2262; x_wconf 90' lang='lat' dir='ltr'><strong>meritis</strong></span> <span class='ocrx_word' id='word_1_250' title='bbox 1239 2219 1366 2276; x_wconf 84' lang='lat' dir='ltr'><strong>tamquam</strong></span> <span class='ocrx_word' id='word_1_251' title='bbox 1400 2233 1405 2238; x_wconf 96' lang='lat'>·</span> 
     </span>
     <span class='ocr_line' id='line_1_26' title="bbox 236 2279 1366 2348; baseline -0.002 -17"><span class='ocrx_word' id='word_1_252' title='bbox 236 2280 372 2332; x_wconf 86' lang='lat' dir='ltr'><strong>retributio</strong></span> <span class='ocrx_word' id='word_1_253' title='bbox 385 2283 554 2332; x_wconf 90' lang='lat' dir='ltr'><strong>meritorum“</strong></span> <span class='ocrx_word' id='word_1_254' title='bbox 570 2283 687 2348; x_wconf 90' lang='grc'><strong>6666166,</strong></span> <span class='ocrx_word' id='word_1_255' title='bbox 701 2283 831 2348; x_wconf 88' lang='lat' dir='ltr'><strong>accepisse</strong></span> <span class='ocrx_word' id='word_1_256' title='bbox 845 2290 976 2348; x_wconf 88' lang='lat' dir='ltr'><strong>putamus:</strong></span> <span class='ocrx_word' id='word_1_257' title='bbox 999 2282 1047 2332; x_wconf 89' lang='grc'><strong>616.</strong></span> <span class='ocrx_word' id='word_1_258' title='bbox 1063 2281 1213 2332; x_wconf 87' lang='lat' dir='ltr'><strong>Cossiodnr.</strong></span> <span class='ocrx_word' id='word_1_259' title='bbox 1226 2279 1289 2331; x_wconf 89' lang='lat' dir='ltr'><strong>Var.</strong></span> <span class='ocrx_word' id='word_1_260' title='bbox 1305 2279 1324 2343; x_wconf 95' lang='lat' dir='ltr'><strong>l,</strong></span> <span class='ocrx_word' id='word_1_261' title='bbox 1341 2281 1366 2344; x_wconf 84' lang='lat'><strong>3,</strong></span> 
     </span>
     <span class='ocr_line' id='line_1_27' title="bbox 235 2348 1366 2417; baseline -0.004 -16"><span class='ocrx_word' id='word_1_262' title='bbox 235 2349 305 2415; x_wconf 93' lang='lat' dir='ltr'><strong>Vlll,</strong></span> <span class='ocrx_word' id='word_1_263' title='bbox 320 2351 351 2412; x_wconf 89' lang='grc'>9,</span> <span class='ocrx_word' id='word_1_264' title='bbox 375 2350 514 2401; x_wconf 82' lang='lat' dir='ltr'><strong>bethmann</strong></span> <span class='ocrx_word' id='word_1_265' title='bbox 525 2379 537 2388; x_wconf 86' lang='lat'>-</span> <span class='ocrx_word' id='word_1_266' title='bbox 548 2352 672 2417; x_wconf 78' lang='lat' dir='ltr'><strong>llullweg.</strong></span> <span class='ocrx_word' id='word_1_267' title='bbox 694 2351 973 2416; x_wconf 79' lang='lat' dir='ltr'><strong>Gericbtsveriassung</strong></span> <span class='ocrx_word' id='word_1_268' title='bbox 992 2367 1016 2400; x_wconf 86' lang='lat' dir='ltr'><strong>u.</strong></span> <span class='ocrx_word' id='word_1_269' title='bbox 1041 2351 1149 2402; x_wconf 88' lang='lat' dir='ltr'><strong>Process</strong></span> <span class='ocrx_word' id='word_1_270' title='bbox 1168 2351 1213 2400; x_wconf 88' lang='lat' dir='ltr'><strong>des</strong></span> <span class='ocrx_word' id='word_1_271' title='bbox 1226 2348 1366 2400; x_wconf 83' lang='lat' dir='ltr'><strong>sinlenden</strong></span> 
     </span>
     <span class='ocr_line' id='line_1_28' title="bbox 236 2417 1368 2488; baseline -0.002 -20"><span class='ocrx_word' id='word_1_272' title='bbox 236 2421 299 2469; x_wconf 89' lang='lat' dir='ltr'><strong>rb&#39;m.</strong></span> <span class='ocrx_word' id='word_1_273' title='bbox 316 2418 410 2470; x_wconf 89' lang='lat' dir='ltr'><strong>lieiebs</strong></span> <span class='ocrx_word' id='word_1_274' title='bbox 428 2435 454 2485; x_wconf 91' lang='lat' dir='ltr'><strong>p.</strong></span> <span class='ocrx_word' id='word_1_275' title='bbox 468 2421 518 2484; x_wconf 92' lang='grc'><strong>28,</strong></span> <span class='ocrx_word' id='word_1_276' title='bbox 541 2421 613 2472; x_wconf 88' lang='grc'><strong>11616.</strong></span> <span class='ocrx_word' id='word_1_277' title='bbox 630 2423 654 2471; x_wconf 93' lang='grc'><strong>16</strong></span> <span class='ocrx_word' id='word_1_278' title='bbox 669 2421 876 2488; x_wconf 74' lang='grc'><strong>6666616666616</strong></span> <span class='ocrx_word' id='word_1_279' title='bbox 891 2421 1026 2471; x_wconf 84' lang='grc'><strong>66116666.</strong></span> <span class='ocrx_word' id='word_1_280' title='bbox 1042 2427 1068 2471; x_wconf 89' lang='grc'><strong>61</strong></span> <span class='ocrx_word' id='word_1_281' title='bbox 1081 2419 1160 2470; x_wconf 87' lang='lat' dir='ltr'><strong>Grnb.</strong></span> <span class='ocrx_word' id='word_1_282' title='bbox 1177 2419 1219 2469; x_wconf 92' lang='grc'><strong>66.</strong></span> <span class='ocrx_word' id='word_1_283' title='bbox 1234 2434 1256 2469; x_wconf 90' lang='grc'><strong>6.</strong></span> <span class='ocrx_word' id='word_1_284' title='bbox 1270 2433 1296 2468; x_wconf 85' lang='lat' dir='ltr'><strong>v.</strong></span> <span class='ocrx_word' id='word_1_285' title='bbox 1317 2417 1368 2466; x_wconf 86' lang='lat' dir='ltr'><strong>Po·</strong></span> 
     </span>
     <span class='ocr_line' id='line_1_29' title="bbox 237 2487 1369 2555; baseline -0.004 -17"><span class='ocrx_word' id='word_1_286' title='bbox 237 2492 329 2538; x_wconf 81' lang='lat' dir='ltr'><strong>tricier</strong></span> <span class='ocrx_word' id='word_1_287' title='bbox 341 2503 365 2553; x_wconf 92' lang='lat' dir='ltr'><strong>p.</strong></span> <span class='ocrx_word' id='word_1_288' title='bbox 380 2490 440 2539; x_wconf 86' lang='grc'><strong>360.</strong></span> <span class='ocrx_word' id='word_1_289' title='bbox 470 2487 557 2554; x_wconf 87' lang='lat' dir='ltr'><strong>Neque</strong></span> <span class='ocrx_word' id='word_1_290' title='bbox 571 2492 630 2540; x_wconf 89' lang='grc'><strong>16616</strong></span> <span class='ocrx_word' id='word_1_291' title='bbox 649 2491 793 2541; x_wconf 85' lang='grc'><strong>6661661166</strong></span> <span class='ocrx_word' id='word_1_292' title='bbox 802 2529 810 2553; x_wconf 92' lang='grc'><strong>,</strong></span> <span class='ocrx_word' id='word_1_293' title='bbox 831 2489 996 2540; x_wconf 87' lang='lat' dir='ltr'><strong>Prudentium</strong></span> <span class='ocrx_word' id='word_1_294' title='bbox 1014 2490 1039 2539; x_wconf 90' lang='lat' dir='ltr'><strong>in</strong></span> <span class='ocrx_word' id='word_1_295' title='bbox 1054 2487 1177 2555; x_wconf 89' lang='lat' dir='ltr'><strong>llispuuia</strong></span> <span class='ocrx_word' id='word_1_296' title='bbox 1190 2487 1304 2548; x_wconf 85' lang='lat' dir='ltr'><strong>vixisse,</strong></span> <span class='ocrx_word' id='word_1_297' title='bbox 1327 2501 1369 2534; x_wconf 92' lang='lat' dir='ltr'><strong>re-</strong></span> 
     </span>
     <span class='ocr_line' id='line_1_30' title="bbox 236 2555 1367 2626; baseline -0.002 -22"><span class='ocrx_word' id='word_1_298' title='bbox 236 2565 341 2620; x_wconf 82' lang='lat' dir='ltr'><strong>pugnat,</strong></span> <span class='ocrx_word' id='word_1_299' title='bbox 356 2559 473 2622; x_wconf 89' lang='lat' dir='ltr'><strong>quonium</strong></span> <span class='ocrx_word' id='word_1_300' title='bbox 486 2560 589 2626; x_wconf 87' lang='lat' dir='ltr'><strong>patricii</strong></span> <span class='ocrx_word' id='word_1_301' title='bbox 603 2560 628 2608; x_wconf 93' lang='lat' dir='ltr'><strong>iu</strong></span> <span class='ocrx_word' id='word_1_302' title='bbox 641 2560 781 2625; x_wconf 88' lang='lat' dir='ltr'><strong>provinciis</strong></span> <span class='ocrx_word' id='word_1_303' title='bbox 795 2573 872 2625; x_wconf 88' lang='lat' dir='ltr'><strong>saepe</strong></span> <span class='ocrx_word' id='word_1_304' title='bbox 886 2559 1039 2608; x_wconf 88' lang='lat' dir='ltr'><strong>babitabant</strong></span> <span class='ocrx_word' id='word_1_305' title='bbox 1052 2558 1137 2623; x_wconf 88' lang='lat' dir='ltr'><strong>ibique</strong></span> <span class='ocrx_word' id='word_1_306' title='bbox 1151 2556 1191 2606; x_wconf 90' lang='grc'><strong>166</strong></span> <span class='ocrx_word' id='word_1_307' title='bbox 1201 2555 1367 2616; x_wconf 83' lang='lat' dir='ltr'><strong>exercebant,</strong></span> 
     </span>
     <span class='ocr_line' id='line_1_31' title="bbox 236 2623 1368 2694; baseline -0.002 -21"><span class='ocrx_word' id='word_1_308' title='bbox 236 2623 288 2673; x_wconf 88' lang='lat' dir='ltr'><strong>vid.</strong></span> <span class='ocrx_word' id='word_1_309' title='bbox 304 2625 416 2678; x_wconf 88' lang='grc'><strong>066666.</strong></span> <span class='ocrx_word' id='word_1_310' title='bbox 437 2628 467 2677; x_wconf 90' lang='grc'><strong>66</strong></span> <span class='ocrx_word' id='word_1_311' title='bbox 489 2629 554 2691; x_wconf 77' lang='lat' dir='ltr'><strong>orig.</strong></span> <span class='ocrx_word' id='word_1_312' title='bbox 575 2635 600 2676; x_wconf 91' lang='lat' dir='ltr'><strong>et</strong></span> <span class='ocrx_word' id='word_1_313' title='bbox 619 2628 675 2682; x_wconf 86' lang='lat' dir='ltr'><strong>iore</strong></span> <span class='ocrx_word' id='word_1_314' title='bbox 688 2628 780 2693; x_wconf 88' lang='lat' dir='ltr'><strong>patric.</strong></span> <span class='ocrx_word' id='word_1_315' title='bbox 795 2643 819 2694; x_wconf 87' lang='lat' dir='ltr'><strong>p.</strong></span> <span class='ocrx_word' id='word_1_316' title='bbox 836 2629 900 2689; x_wconf 91' lang='grc'><strong>146,</strong></span> <span class='ocrx_word' id='word_1_317' title='bbox 922 2626 996 2677; x_wconf 82' lang='grc'><strong>11616.</strong></span> <span class='ocrx_word' id='word_1_318' title='bbox 1011 2627 1029 2676; x_wconf 95' lang='grc'><strong>1.</strong></span> <span class='ocrx_word' id='word_1_319' title='bbox 1045 2628 1088 2676; x_wconf 89' lang='lat' dir='ltr'><strong>l.“</strong></span> <span class='ocrx_word' id='word_1_320' title='bbox 1109 2625 1172 2676; x_wconf 87' lang='grc'><strong>061.</strong></span> <span class='ocrx_word' id='word_1_321' title='bbox 1198 2623 1252 2689; x_wconf 77' lang='lat' dir='ltr'><strong>Ego</strong></span> <span class='ocrx_word' id='word_1_322' title='bbox 1266 2623 1368 2690; x_wconf 89' lang='lat' dir='ltr'><strong>quidem</strong></span> 
     </span>
     <span class='ocr_line' id='line_1_32' title="bbox 237 2690 1370 2760; baseline -0.001 -19"><span class='ocrx_word' id='word_1_323' title='bbox 237 2691 283 2741; x_wconf 90' lang='lat' dir='ltr'><strong>illa</strong></span> <span class='ocrx_word' id='word_1_324' title='bbox 297 2692 375 2742; x_wconf 88' lang='lat' dir='ltr'><strong>verbo</strong></span> <span class='ocrx_word' id='word_1_325' title='bbox 389 2697 472 2759; x_wconf 90' lang='lat' dir='ltr'><strong>potius</strong></span> <span class='ocrx_word' id='word_1_326' title='bbox 486 2697 517 2746; x_wconf 93' lang='lat' dir='ltr'><strong>de</strong></span> <span class='ocrx_word' id='word_1_327' title='bbox 531 2697 637 2760; x_wconf 90' lang='lat' dir='ltr'><strong>quodam</strong></span> <span class='ocrx_word' id='word_1_328' title='bbox 652 2697 733 2759; x_wconf 82' lang='lat' dir='ltr'><strong>gradu</strong></span> <span class='ocrx_word' id='word_1_329' title='bbox 747 2696 854 2745; x_wconf 90' lang='lat' dir='ltr'><strong>militari</strong></span> <span class='ocrx_word' id='word_1_330' title='bbox 869 2694 1053 2759; x_wconf 85' lang='lat' dir='ltr'><strong>intellexerim,</strong></span> <span class='ocrx_word' id='word_1_331' title='bbox 1069 2692 1260 2758; x_wconf 82' lang='lat' dir='ltr'><strong>uecGennadii,</strong></span> <span class='ocrx_word' id='word_1_332' title='bbox 1274 2690 1370 2742; x_wconf 88' lang='lat' dir='ltr'><strong>vetusti</strong></span> 
     </span>
     <span class='ocr_line' id='line_1_33' title="bbox 237 2759 1371 2831; baseline 0 -22"><span class='ocrx_word' id='word_1_333' title='bbox 237 2760 352 2827; x_wconf 87' lang='lat' dir='ltr'><strong>proiecto</strong></span> <span class='ocrx_word' id='word_1_334' title='bbox 367 2763 457 2820; x_wconf 89' lang='lat' dir='ltr'><strong>testis,</strong></span> <span class='ocrx_word' id='word_1_335' title='bbox 477 2766 595 2815; x_wconf 89' lang='lat' dir='ltr'><strong>notitiam</strong></span> <span class='ocrx_word' id='word_1_336' title='bbox 614 2764 820 2829; x_wconf 86' lang='lat' dir='ltr'><strong>vilipendendum</strong></span> <span class='ocrx_word' id='word_1_337' title='bbox 834 2763 929 2828; x_wconf 88' lang='lat' dir='ltr'><strong>iudico,</strong></span> <span class='ocrx_word' id='word_1_338' title='bbox 944 2766 1034 2831; x_wconf 91' lang='lat' dir='ltr'><strong>quippe</strong></span> <span class='ocrx_word' id='word_1_339' title='bbox 1047 2765 1089 2829; x_wconf 91' lang='lat' dir='ltr'><strong>qui</strong></span> <span class='ocrx_word' id='word_1_340' title='bbox 1097 2801 1105 2826; x_wconf 94' lang='lat'><strong>,</strong></span> <span class='ocrx_word' id='word_1_341' title='bbox 1119 2771 1147 2813; x_wconf 94' lang='lat' dir='ltr'><strong>ut</strong></span> <span class='ocrx_word' id='word_1_342' title='bbox 1158 2761 1276 2823; x_wconf 90' lang='lat' dir='ltr'><strong>videtur,</strong></span> <span class='ocrx_word' id='word_1_343' title='bbox 1292 2759 1371 2810; x_wconf 87' lang='lat' dir='ltr'><strong>Cata-</strong></span> 
     </span>
     <span class='ocr_line' id='line_1_34' title="bbox 237 2829 1366 2898; baseline -0.003 -20"><span class='ocrx_word' id='word_1_344' title='bbox 237 2831 321 2894; x_wconf 68' lang='grc'><strong>166666</strong></span> <span class='ocrx_word' id='word_1_345' title='bbox 340 2843 412 2893; x_wconf 87' lang='lat' dir='ltr'><strong>suum</strong></span> <span class='ocrx_word' id='word_1_346' title='bbox 432 2847 455 2879; x_wconf 87' lang='lat' dir='ltr'><strong>a.</strong></span> <span class='ocrx_word' id='word_1_347' title='bbox 478 2832 528 2882; x_wconf 86' lang='grc'><strong>494</strong></span> <span class='ocrx_word' id='word_1_348' title='bbox 548 2833 691 2882; x_wconf 88' lang='grc'><strong>6661666611</strong></span> <span class='ocrx_word' id='word_1_349' title='bbox 706 2833 774 2897; x_wconf 71' lang='lat' dir='ltr'><strong>(vid.</strong></span> <span class='ocrx_word' id='word_1_350' title='bbox 795 2831 909 2883; x_wconf 90' lang='lat' dir='ltr'><strong>Vuliars.</strong></span> <span class='ocrx_word' id='word_1_351' title='bbox 924 2832 954 2883; x_wconf 87' lang='lat' dir='ltr'><strong>T.</strong></span> <span class='ocrx_word' id='word_1_352' title='bbox 971 2833 1002 2896; x_wconf 95' lang='grc'><strong>11,</strong></span> <span class='ocrx_word' id='word_1_353' title='bbox 1026 2850 1051 2898; x_wconf 93' lang='lat' dir='ltr'><strong>p.</strong></span> <span class='ocrx_word' id='word_1_354' title='bbox 1066 2833 1116 2883; x_wconf 90' lang='grc'><strong>984</strong></span> <span class='ocrx_word' id='word_1_355' title='bbox 1138 2833 1167 2880; x_wconf 91' lang='grc'><strong>66</strong></span> <span class='ocrx_word' id='word_1_356' title='bbox 1191 2846 1245 2896; x_wconf 91' lang='grc'><strong>666.</strong></span> <span class='ocrx_word' id='word_1_357' title='bbox 1262 2829 1294 2879; x_wconf 92' lang='grc'><strong>86</strong></span> <span class='ocrx_word' id='word_1_358' title='bbox 1309 2843 1366 2894; x_wconf 90' lang='lat' dir='ltr'><strong>app.</strong></span> 
     </span>
     <span class='ocr_line' id='line_1_35' title="bbox 237 2895 1369 2969; baseline -0.003 -21"><span class='ocrx_word' id='word_1_359' title='bbox 237 2898 342 2948; x_wconf 89' lang='lat' dir='ltr'><strong>llieroa.</strong></span> <span class='ocrx_word' id='word_1_360' title='bbox 365 2895 543 2947; x_wconf 77' lang='grc'><strong>6611661616.</strong></span> <span class='ocrx_word' id='word_1_361' title='bbox 560 2899 625 2949; x_wconf 88' lang='lat' dir='ltr'><strong>Bibl.</strong></span> <span class='ocrx_word' id='word_1_362' title='bbox 642 2901 708 2952; x_wconf 90' lang='lat' dir='ltr'><strong>med.</strong></span> <span class='ocrx_word' id='word_1_363' title='bbox 730 2909 757 2952; x_wconf 89' lang='lat' dir='ltr'><strong>et</strong></span> <span class='ocrx_word' id='word_1_364' title='bbox 775 2901 823 2951; x_wconf 91' lang='grc'><strong>161.</strong></span> <span class='ocrx_word' id='word_1_365' title='bbox 844 2901 890 2952; x_wconf 90' lang='grc'><strong>161.</strong></span> <span class='ocrx_word' id='word_1_366' title='bbox 907 2902 952 2964; x_wconf 93' lang='grc'><strong>111,</strong></span> <span class='ocrx_word' id='word_1_367' title='bbox 973 2918 997 2969; x_wconf 94' lang='lat' dir='ltr'><strong>p.</strong></span> <span class='ocrx_word' id='word_1_368' title='bbox 1013 2902 1068 2963; x_wconf 88' lang='grc'><strong>32).</strong></span> <span class='ocrx_word' id='word_1_369' title='bbox 1101 2899 1146 2950; x_wconf 90' lang='grc'><strong>1161</strong></span> <span class='ocrx_word' id='word_1_370' title='bbox 1164 2899 1286 2949; x_wconf 85' lang='lat' dir='ltr'><strong>militaris</strong></span> <span class='ocrx_word' id='word_1_371' title='bbox 1307 2912 1369 2946; x_wconf 86' lang='lat' dir='ltr'><strong>vero</strong></span> 
     </span>
     <span class='ocr_line' id='line_1_36' title="bbox 236 2965 1371 3038; baseline -0.002 -22"><span class='ocrx_word' id='word_1_372' title='bbox 236 2965 402 3016; x_wconf 89' lang='lat' dir='ltr'><strong>Prudentium</strong></span> <span class='ocrx_word' id='word_1_373' title='bbox 416 2965 496 3015; x_wconf 85' lang='lat' dir='ltr'><strong>luisse</strong></span> <span class='ocrx_word' id='word_1_374' title='bbox 511 2967 709 3033; x_wconf 84' lang='lat' dir='ltr'><strong>peritissimum,</strong></span> <span class='ocrx_word' id='word_1_375' title='bbox 725 2966 835 3034; x_wconf 88' lang='lat' dir='ltr'><strong>quilibet</strong></span> <span class='ocrx_word' id='word_1_376' title='bbox 850 2969 903 3020; x_wconf 86' lang='lat' dir='ltr'><strong>iere</strong></span> <span class='ocrx_word' id='word_1_377' title='bbox 916 2969 1133 3038; x_wconf 79' lang='lat' dir='ltr'><strong>Psyebomacbiae</strong></span> <span class='ocrx_word' id='word_1_378' title='bbox 1145 2983 1252 3031; x_wconf 90' lang='lat' dir='ltr'><strong>versus,</strong></span> <span class='ocrx_word' id='word_1_379' title='bbox 1267 2973 1297 3016; x_wconf 89' lang='lat' dir='ltr'><strong>ut</strong></span> <span class='ocrx_word' id='word_1_380' title='bbox 1309 2965 1371 3016; x_wconf 91' lang='lat' dir='ltr'><strong>reli·</strong></span> 
     </span>
     <span class='ocr_line' id='line_1_37' title="bbox 238 3034 1370 3104; baseline -0.002 -19"><span class='ocrx_word' id='word_1_381' title='bbox 238 3051 287 3100; x_wconf 85' lang='lat' dir='ltr'><strong>qna</strong></span> <span class='ocrx_word' id='word_1_382' title='bbox 302 3035 427 3096; x_wconf 89' lang='lat' dir='ltr'><strong>omittam,</strong></span> <span class='ocrx_word' id='word_1_383' title='bbox 442 3034 515 3083; x_wconf 88' lang='lat' dir='ltr'><strong>nobis</strong></span> <span class='ocrx_word' id='word_1_384' title='bbox 528 3035 675 3098; x_wconf 83' lang='lat' dir='ltr'><strong>persuadet.</strong></span> <span class='ocrx_word' id='word_1_385' title='bbox 696 3037 756 3088; x_wconf 91' lang='lat' dir='ltr'><strong>Vid.</strong></span> <span class='ocrx_word' id='word_1_386' title='bbox 772 3047 825 3090; x_wconf 87' lang='lat' dir='ltr'><strong>not.</strong></span> <span class='ocrx_word' id='word_1_387' title='bbox 841 3053 915 3103; x_wconf 79' lang='lat' dir='ltr'><strong>exeg.</strong></span> <span class='ocrx_word' id='word_1_388' title='bbox 928 3041 958 3088; x_wconf 90' lang='lat' dir='ltr'><strong>ad</strong></span> <span class='ocrx_word' id='word_1_389' title='bbox 975 3040 991 3088; x_wconf 94' lang='grc'><strong>1.</strong></span> <span class='ocrx_word' id='word_1_390' title='bbox 1002 3039 1020 3089; x_wconf 98' lang='lat' dir='ltr'><strong>l.</strong></span> <span class='ocrx_word' id='word_1_391' title='bbox 1033 3066 1065 3076; x_wconf 91' lang='lat'>-</span> <span class='ocrx_word' id='word_1_392' title='bbox 1080 3038 1151 3104; x_wconf 80' lang='lat' dir='ltr'><strong>Quae</strong></span> <span class='ocrx_word' id='word_1_393' title='bbox 1164 3036 1229 3102; x_wconf 90' lang='lat' dir='ltr'><strong>apud</strong></span> <span class='ocrx_word' id='word_1_394' title='bbox 1243 3034 1370 3100; x_wconf 88' lang='lat' dir='ltr'><strong>sequioris</strong></span> 
     </span>
     <span class='ocr_line' id='line_1_38' title="bbox 238 3103 1369 3173; baseline -0.002 -20"><span class='ocrx_word' id='word_1_395' title='bbox 238 3105 295 3154; x_wconf 89' lang='lat' dir='ltr'><strong>oevi</strong></span> <span class='ocrx_word' id='word_1_396' title='bbox 309 3103 448 3167; x_wconf 88' lang='lat' dir='ltr'><strong>scriptores</strong></span> <span class='ocrx_word' id='word_1_397' title='bbox 462 3109 601 3164; x_wconf 88' lang='lat' dir='ltr'><strong>accurunt,</strong></span> <span class='ocrx_word' id='word_1_398' title='bbox 623 3104 666 3168; x_wconf 92' lang='lat' dir='ltr'><strong>qui</strong></span> <span class='ocrx_word' id='word_1_399' title='bbox 682 3103 839 3158; x_wconf 86' lang='lat' dir='ltr'><strong>Gennadium</strong></span> <span class='ocrx_word' id='word_1_400' title='bbox 853 3108 987 3158; x_wconf 83' lang='lat' dir='ltr'><strong>extensius</strong></span> <span class='ocrx_word' id='word_1_401' title='bbox 1000 3106 1237 3173; x_wconf 86' lang='lat' dir='ltr'><strong>interpretabantur</strong></span> <span class='ocrx_word' id='word_1_402' title='bbox 1249 3104 1281 3154; x_wconf 92' lang='lat' dir='ltr'><strong>ad</strong></span> <span class='ocrx_word' id='word_1_403' title='bbox 1294 3117 1369 3153; x_wconf 89' lang='lat' dir='ltr'><strong>uuum</strong></span> 
     </span>
     <span class='ocr_line' id='line_1_39' title="bbox 239 3171 1369 3236; baseline -0.002 -14"><span class='ocrx_word' id='word_1_404' title='bbox 239 3179 325 3222; x_wconf 87' lang='lat' dir='ltr'><strong>coines</strong></span> <span class='ocrx_word' id='word_1_405' title='bbox 340 3171 447 3235; x_wconf 87' lang='lat' dir='ltr'><strong>(Honor.</strong></span> <span class='ocrx_word' id='word_1_406' title='bbox 463 3171 639 3233; x_wconf 67' lang='lat' dir='ltr'><strong>augustodun.</strong></span> <span class='ocrx_word' id='word_1_407' title='bbox 657 3171 688 3235; x_wconf 85' lang='lat' dir='ltr'><strong>tl,</strong></span> <span class='ocrx_word' id='word_1_408' title='bbox 706 3172 752 3234; x_wconf 91' lang='grc'><strong>13,</strong></span> <span class='ocrx_word' id='word_1_409' title='bbox 775 3173 904 3236; x_wconf 77' lang='lat' dir='ltr'><strong>sigebert.</strong></span> <span class='ocrx_word' id='word_1_410' title='bbox 925 3174 1056 3227; x_wconf 82' lang='lat' dir='ltr'><strong>(iembiuc.</strong></span> <span class='ocrx_word' id='word_1_411' title='bbox 1073 3176 1104 3226; x_wconf 89' lang='grc'><strong>66</strong></span> <span class='ocrx_word' id='word_1_412' title='bbox 1119 3189 1162 3225; x_wconf 88' lang='lat' dir='ltr'><strong>an.</strong></span> <span class='ocrx_word' id='word_1_413' title='bbox 1174 3174 1234 3236; x_wconf 88' lang='grc'>393,</span> <span class='ocrx_word' id='word_1_414' title='bbox 1248 3171 1369 3223; x_wconf 81' lang='lat' dir='ltr'><strong>Vincunt.</strong></span> 
     </span>
     <span class='ocr_line' id='line_1_40' title="bbox 240 3239 1370 3308; baseline -0.002 -17"><span class='ocrx_word' id='word_1_415' title='bbox 240 3241 417 3291; x_wconf 87' lang='lat' dir='ltr'><strong>Bellovuceos.</strong></span> <span class='ocrx_word' id='word_1_416' title='bbox 437 3254 507 3304; x_wconf 90' lang='lat' dir='ltr'><strong>spec.</strong></span> <span class='ocrx_word' id='word_1_417' title='bbox 527 3240 618 3289; x_wconf 86' lang='lat' dir='ltr'><strong>lister.</strong></span> <span class='ocrx_word' id='word_1_418' title='bbox 633 3239 728 3304; x_wconf 88' lang='lat' dir='ltr'><strong>XVlll,</strong></span> <span class='ocrx_word' id='word_1_419' title='bbox 749 3241 794 3304; x_wconf 91' lang='grc'><strong>62)</strong></span> <span class='ocrx_word' id='word_1_420' title='bbox 815 3241 889 3291; x_wconf 90' lang='grc'><strong>616111</strong></span> <span class='ocrx_word' id='word_1_421' title='bbox 908 3244 1029 3294; x_wconf 86' lang='lat' dir='ltr'><strong>momenti</strong></span> <span class='ocrx_word' id='word_1_422' title='bbox 1051 3239 1160 3294; x_wconf 86' lang='lat' dir='ltr'><strong>suntad</strong></span> <span class='ocrx_word' id='word_1_423' title='bbox 1180 3242 1257 3292; x_wconf 88' lang='lat' dir='ltr'><strong>vitam</strong></span> <span class='ocrx_word' id='word_1_424' title='bbox 1279 3247 1370 3308; x_wconf 88' lang='lat' dir='ltr'><strong>poetae</strong></span> 
     </span>
     <span class='ocr_line' id='line_1_41' title="bbox 238 3308 1372 3377; baseline -0.002 -18"><span class='ocrx_word' id='word_1_425' title='bbox 238 3308 435 3370; x_wconf 68' lang='lat' dir='ltr'><strong>illustrandam</strong></span> <span class='ocrx_word' id='word_1_426' title='bbox 456 3309 530 3375; x_wconf 89' lang='lat' dir='ltr'><strong>ploro</strong></span> <span class='ocrx_word' id='word_1_427' title='bbox 544 3309 568 3358; x_wconf 92' lang='lat' dir='ltr'><strong>in</strong></span> <span class='ocrx_word' id='word_1_428' title='bbox 583 3309 656 3360; x_wconf 90' lang='lat' dir='ltr'><strong>codd.</strong></span> <span class='ocrx_word' id='word_1_429' title='bbox 670 3309 852 3360; x_wconf 86' lang='lat' dir='ltr'><strong>Prudentianis</strong></span> <span class='ocrx_word' id='word_1_430' title='bbox 866 3311 987 3377; x_wconf 88' lang='lat' dir='ltr'><strong>praevia,</strong></span> <span class='ocrx_word' id='word_1_431' title='bbox 1001 3327 1067 3376; x_wconf 91' lang='lat' dir='ltr'><strong>quoe</strong></span> <span class='ocrx_word' id='word_1_432' title='bbox 1080 3311 1191 3361; x_wconf 87' lang='lat' dir='ltr'><strong>licticnis</strong></span> <span class='ocrx_word' id='word_1_433' title='bbox 1204 3308 1372 3360; x_wconf 88' lang='lat' dir='ltr'><strong>inventionis-</strong></span> 
     </span>
     <span class='ocr_line' id='line_1_42' title="bbox 238 3377 1372 3444; baseline -0.001 -17"><span class='ocrx_word' id='word_1_434' title='bbox 238 3394 287 3444; x_wconf 90' lang='lat' dir='ltr'><strong>quc</strong></span> <span class='ocrx_word' id='word_1_435' title='bbox 301 3377 410 3442; x_wconf 88' lang='lat' dir='ltr'><strong>speciem</strong></span> <span class='ocrx_word' id='word_1_436' title='bbox 424 3377 488 3427; x_wconf 86' lang='grc'><strong>66116</strong></span> <span class='ocrx_word' id='word_1_437' title='bbox 501 3391 563 3442; x_wconf 89' lang='lat' dir='ltr'><strong>prae</strong></span> <span class='ocrx_word' id='word_1_438' title='bbox 576 3394 603 3428; x_wconf 88' lang='lat' dir='ltr'><strong>se</strong></span> <span class='ocrx_word' id='word_1_439' title='bbox 619 3378 719 3442; x_wconf 87' lang='grc'><strong>166661,</strong></span> <span class='ocrx_word' id='word_1_440' title='bbox 740 3379 920 3429; x_wconf 86' lang='lat' dir='ltr'><strong>manachorum</strong></span> <span class='ocrx_word' id='word_1_441' title='bbox 933 3380 1006 3429; x_wconf 91' lang='grc'><strong>6666.</strong></span> <span class='ocrx_word' id='word_1_442' title='bbox 1022 3379 1220 3429; x_wconf 90' lang='lat' dir='ltr'><strong>describentium</strong></span> <span class='ocrx_word' id='word_1_443' title='bbox 1234 3377 1372 3442; x_wconf 80' lang='lat' dir='ltr'><strong>ingeniolis</strong></span> 
     </span>
     <span class='ocr_line' id='line_1_43' title="bbox 239 3445 1371 3512; baseline -0.002 -16"><span class='ocrx_word' id='word_1_444' title='bbox 239 3447 360 3496; x_wconf 88' lang='lat' dir='ltr'><strong>debemus</strong></span> <span class='ocrx_word' id='word_1_445' title='bbox 371 3445 472 3497; x_wconf 88' lang='lat' dir='ltr'><strong>nimium</strong></span> <span class='ocrx_word' id='word_1_446' title='bbox 487 3446 687 3498; x_wconf 88' lang='lat' dir='ltr'><strong>luxuriantibus.</strong></span> <span class='ocrx_word' id='word_1_447' title='bbox 707 3448 773 3498; x_wconf 88' lang='lat' dir='ltr'><strong>Sunt</strong></span> <span class='ocrx_word' id='word_1_448' title='bbox 785 3449 865 3512; x_wconf 80' lang='lat' dir='ltr'><strong>igitur</strong></span> <span class='ocrx_word' id='word_1_449' title='bbox 875 3448 989 3512; x_wconf 80' lang='lat' dir='ltr'><strong>indigue,</strong></span> <span class='ocrx_word' id='word_1_450' title='bbox 1003 3461 1068 3512; x_wconf 90' lang='lat' dir='ltr'><strong>qnae</strong></span> <span class='ocrx_word' id='word_1_451' title='bbox 1079 3445 1184 3496; x_wconf 83' lang='lat' dir='ltr'><strong>aliunde</strong></span> <span class='ocrx_word' id='word_1_452' title='bbox 1197 3446 1371 3496; x_wconf 90' lang='lat' dir='ltr'><strong>transcriban-</strong></span> 
     </span>
     <span class='ocr_line' id='line_1_44' title="bbox 238 3513 1369 3582; baseline -0.001 -18"><span class='ocrx_word' id='word_1_453' title='bbox 238 3523 290 3565; x_wconf 92' lang='lat' dir='ltr'><strong>tur.</strong></span> <span class='ocrx_word' id='word_1_454' title='bbox 318 3513 479 3565; x_wconf 82' lang='lat' dir='ltr'><strong>lliuscemorli</strong></span> <span class='ocrx_word' id='word_1_455' title='bbox 500 3516 578 3566; x_wconf 88' lang='lat' dir='ltr'><strong>bobes</strong></span> <span class='ocrx_word' id='word_1_456' title='bbox 599 3517 676 3567; x_wconf 88' lang='lat' dir='ltr'><strong>etium</strong></span> <span class='ocrx_word' id='word_1_457' title='bbox 695 3517 720 3566; x_wconf 90' lang='lat' dir='ltr'><strong>io</strong></span> <span class='ocrx_word' id='word_1_458' title='bbox 735 3518 791 3568; x_wconf 89' lang='lat' dir='ltr'><strong>cod.</strong></span> <span class='ocrx_word' id='word_1_459' title='bbox 808 3517 862 3568; x_wconf 87' lang='lat' dir='ltr'><strong>Pei.</strong></span> <span class='ocrx_word' id='word_1_460' title='bbox 879 3516 927 3567; x_wconf 92' lang='grc'><strong>242</strong></span> <span class='ocrx_word' id='word_1_461' title='bbox 951 3515 1016 3580; x_wconf 85' lang='grc'><strong>(616.</strong></span> <span class='ocrx_word' id='word_1_462' title='bbox 1031 3515 1108 3565; x_wconf 80' lang='lat' dir='ltr'><strong>drea.</strong></span> <span class='ocrx_word' id='word_1_463' title='bbox 1124 3513 1142 3578; x_wconf 96' lang='lat' dir='ltr'><strong>i,</strong></span> <span class='ocrx_word' id='word_1_464' title='bbox 1163 3531 1186 3582; x_wconf 95' lang='lat' dir='ltr'><strong>p.</strong></span> <span class='ocrx_word' id='word_1_465' title='bbox 1203 3517 1246 3580; x_wconf 90' lang='grc'><strong>65,</strong></span> <span class='ocrx_word' id='word_1_466' title='bbox 1261 3523 1315 3566; x_wconf 88' lang='grc'><strong>661.</strong></span> <span class='ocrx_word' id='word_1_467' title='bbox 1332 3514 1369 3577; x_wconf 90' lang='lat' dir='ltr'><strong>b),</strong></span> 
     </span>
     <span class='ocr_line' id='line_1_45' title="bbox 238 3583 722 3651; baseline 0.01 -19"><span class='ocrx_word' id='word_1_468' title='bbox 238 3584 280 3649; x_wconf 92' lang='lat' dir='ltr'><strong>qni</strong></span> <span class='ocrx_word' id='word_1_469' title='bbox 294 3583 466 3648; x_wconf 79' lang='lat' dir='ltr'><strong>Heidelbergu</strong></span> <span class='ocrx_word' id='word_1_470' title='bbox 480 3584 582 3635; x_wconf 84' lang='grc'><strong>11666666</strong></span> <span class='ocrx_word' id='word_1_471' title='bbox 596 3586 722 3651; x_wconf 86' lang='grc'><strong>66666611.</strong></span> 
     </span>
    </p>
   </div>
   <div class='ocr_carea' id='block_1_4' title="bbox 237 3669 1374 4356">
    <p class='ocr_par' dir='ltr' id='par_1_4' title="bbox 237 3669 1374 4356">
     <span class='ocr_line' id='line_1_46' title="bbox 308 3669 1372 3737; baseline 0.003 -17"><span class='ocrx_word' id='word_1_472' title='bbox 308 3669 335 3731; x_wconf 87' lang='grc'><strong>9)</strong></span> <span class='ocrx_word' id='word_1_473' title='bbox 354 3670 460 3737; x_wconf 81' lang='lat' dir='ltr'><strong>Quando</strong></span> <span class='ocrx_word' id='word_1_474' title='bbox 474 3678 501 3722; x_wconf 90' lang='grc'><strong>61</strong></span> <span class='ocrx_word' id='word_1_475' title='bbox 513 3671 614 3723; x_wconf 89' lang='lat' dir='ltr'><strong>ubinam</strong></span> <span class='ocrx_word' id='word_1_476' title='bbox 629 3673 739 3736; x_wconf 91' lang='lat' dir='ltr'><strong>obiecit,</strong></span> <span class='ocrx_word' id='word_1_477' title='bbox 761 3677 932 3724; x_wconf 82' lang='lat' dir='ltr'><strong>ucneonstat.</strong></span> <span class='ocrx_word' id='word_1_478' title='bbox 949 3669 1080 3722; x_wconf 85' lang='lat' dir='ltr'><strong>Giseiiuos</strong></span> <span class='ocrx_word' id='word_1_479' title='bbox 1094 3672 1147 3737; x_wconf 92' lang='grc'><strong>(66.</strong></span> <span class='ocrx_word' id='word_1_480' title='bbox 1162 3669 1259 3722; x_wconf 83' lang='lat' dir='ltr'><strong>Weitz.</strong></span> <span class='ocrx_word' id='word_1_481' title='bbox 1273 3686 1299 3736; x_wconf 94' lang='lat' dir='ltr'><strong>p.</strong></span> <span class='ocrx_word' id='word_1_482' title='bbox 1310 3671 1372 3735; x_wconf 87' lang='grc'><strong>500)</strong></span> 
     </span>
     <span class='ocr_line' id='line_1_47' title="bbox 238 3737 1371 3808; baseline 0.001 -19"><span class='ocrx_word' id='word_1_483' title='bbox 238 3737 340 3804; x_wconf 91' lang='lat' dir='ltr'><strong>quidem</strong></span> <span class='ocrx_word' id='word_1_484' title='bbox 353 3741 457 3804; x_wconf 88' lang='lat' dir='ltr'><strong>conicit,</strong></span> <span class='ocrx_word' id='word_1_485' title='bbox 472 3755 528 3792; x_wconf 91' lang='lat' dir='ltr'><strong>eum</strong></span> <span class='ocrx_word' id='word_1_486' title='bbox 542 3742 573 3790; x_wconf 90' lang='lat' dir='ltr'><strong>ad</strong></span> <span class='ocrx_word' id='word_1_487' title='bbox 587 3757 667 3807; x_wconf 89' lang='lat' dir='ltr'><strong>usque</strong></span> <span class='ocrx_word' id='word_1_488' title='bbox 681 3740 814 3792; x_wconf 83' lang='lat' dir='ltr'><strong>stiliconis</strong></span> <span class='ocrx_word' id='word_1_489' title='bbox 827 3741 997 3808; x_wconf 90' lang='lat' dir='ltr'><strong>proditionem</strong></span> <span class='ocrx_word' id='word_1_490' title='bbox 1010 3747 1037 3790; x_wconf 91' lang='grc'><strong>61</strong></span> <span class='ocrx_word' id='word_1_491' title='bbox 1049 3756 1136 3791; x_wconf 90' lang='lat' dir='ltr'><strong>necem</strong></span> <span class='ocrx_word' id='word_1_492' title='bbox 1150 3739 1259 3803; x_wconf 89' lang='lat' dir='ltr'><strong>(Zosim.</strong></span> <span class='ocrx_word' id='word_1_493' title='bbox 1272 3738 1316 3803; x_wconf 91' lang='lat' dir='ltr'><strong>lV,</strong></span> <span class='ocrx_word' id='word_1_494' title='bbox 1327 3741 1371 3803; x_wconf 82' lang='lat'><strong>57,</strong></span> 
     </span>
     <span class='ocr_line' id='line_1_48' title="bbox 239 3807 1372 3875; baseline 0 -17"><span class='ocrx_word' id='word_1_495' title='bbox 239 3807 270 3872; x_wconf 90' lang='lat' dir='ltr'><strong>V,</strong></span> <span class='ocrx_word' id='word_1_496' title='bbox 288 3809 309 3858; x_wconf 95' lang='grc'><strong>1.</strong></span> <span class='ocrx_word' id='word_1_497' title='bbox 326 3809 350 3872; x_wconf 88' lang='grc'><strong>5,</strong></span> <span class='ocrx_word' id='word_1_498' title='bbox 367 3809 441 3859; x_wconf 88' lang='grc'><strong>0666.</strong></span> <span class='ocrx_word' id='word_1_499' title='bbox 456 3808 567 3873; x_wconf 65' lang='lat' dir='ltr'><strong>viter.</strong></span> <span class='ocrx_word' id='word_1_500' title='bbox 584 3810 638 3872; x_wconf 85' lang='grc'>38),</span> <span class='ocrx_word' id='word_1_501' title='bbox 653 3824 719 3875; x_wconf 88' lang='lat' dir='ltr'><strong>quae</strong></span> <span class='ocrx_word' id='word_1_502' title='bbox 732 3810 800 3858; x_wconf 89' lang='grc'><strong>61666</strong></span> <span class='ocrx_word' id='word_1_503' title='bbox 815 3826 908 3861; x_wconf 85' lang='lat' dir='ltr'><strong>eanum</strong></span> <span class='ocrx_word' id='word_1_504' title='bbox 926 3809 976 3862; x_wconf 86' lang='grc'><strong>413</strong></span> <span class='ocrx_word' id='word_1_505' title='bbox 991 3808 1129 3873; x_wconf 90' lang='grc'><strong>666166611,</strong></span> <span class='ocrx_word' id='word_1_506' title='bbox 1146 3808 1314 3860; x_wconf 81' lang='grc'><strong>6666161666.</strong></span> <span class='ocrx_word' id='word_1_507' title='bbox 1344 3808 1372 3858; x_wconf 89' lang='lat' dir='ltr'><strong>Si</strong></span> 
     </span>
     <span class='ocr_line' id='line_1_49' title="bbox 239 3876 1371 3944; baseline 0 -18"><span class='ocrx_word' id='word_1_508' title='bbox 239 3877 345 3926; x_wconf 90' lang='grc'><strong>6616616</strong></span> <span class='ocrx_word' id='word_1_509' title='bbox 359 3878 481 3944; x_wconf 86' lang='lat' dir='ltr'><strong>temporie</strong></span> <span class='ocrx_word' id='word_1_510' title='bbox 495 3894 544 3927; x_wconf 88' lang='lat' dir='ltr'><strong>non</strong></span> <span class='ocrx_word' id='word_1_511' title='bbox 560 3877 732 3939; x_wconf 88' lang='lat' dir='ltr'><strong>decessisset,</strong></span> <span class='ocrx_word' id='word_1_512' title='bbox 748 3877 983 3928; x_wconf 83' lang='grc'><strong>1666668111166616</strong></span> <span class='ocrx_word' id='word_1_513' title='bbox 997 3894 1028 3929; x_wconf 89' lang='lat' dir='ltr'><strong>ex</strong></span> <span class='ocrx_word' id='word_1_514' title='bbox 1042 3879 1086 3930; x_wconf 89' lang='lat' dir='ltr'><strong>lib.</strong></span> <span class='ocrx_word' id='word_1_515' title='bbox 1101 3894 1154 3929; x_wconf 91' lang='lat' dir='ltr'><strong>sec.</strong></span> <span class='ocrx_word' id='word_1_516' title='bbox 1170 3884 1260 3927; x_wconf 89' lang='lat' dir='ltr'><strong>contra</strong></span> <span class='ocrx_word' id='word_1_517' title='bbox 1275 3876 1371 3944; x_wconf 77' lang='lat' dir='ltr'><strong>Symm.</strong></span> 
     </span>
     <span class='ocr_line' id='line_1_50' title="bbox 237 3943 1370 4013; baseline 0 -18"><span class='ocrx_word' id='word_1_518' title='bbox 237 3961 263 3998; x_wconf 88' lang='lat' dir='ltr'><strong>v.</strong></span> <span class='ocrx_word' id='word_1_519' title='bbox 272 3944 322 3997; x_wconf 93' lang='grc'><strong>696</strong></span> <span class='ocrx_word' id='word_1_520' title='bbox 336 3961 389 4011; x_wconf 90' lang='lat' dir='ltr'><strong>sqq.</strong></span> <span class='ocrx_word' id='word_1_521' title='bbox 402 3947 559 3996; x_wconf 87' lang='lat' dir='ltr'><strong>sustulisset.</strong></span> <span class='ocrx_word' id='word_1_522' title='bbox 575 3947 712 3994; x_wconf 81' lang='lat' dir='ltr'><strong>Arevalum</strong></span> <span class='ocrx_word' id='word_1_523' title='bbox 724 3960 822 4010; x_wconf 89' lang='lat' dir='ltr'><strong>quoque</strong></span> <span class='ocrx_word' id='word_1_524' title='bbox 836 3946 871 3995; x_wconf 87' lang='lat' dir='ltr'><strong>ito</strong></span> <span class='ocrx_word' id='word_1_525' title='bbox 883 3947 992 4011; x_wconf 88' lang='lat' dir='ltr'><strong>opinari,</strong></span> <span class='ocrx_word' id='word_1_526' title='bbox 1007 3945 1188 4013; x_wconf 86' lang='lat' dir='ltr'><strong>liiiddeldorpi.</strong></span> <span class='ocrx_word' id='word_1_527' title='bbox 1203 3945 1263 4010; x_wconf 94' lang='grc'><strong>(1.1.</strong></span> <span class='ocrx_word' id='word_1_528' title='bbox 1279 3943 1298 4009; x_wconf 94' lang='lat' dir='ltr'><strong>l,</strong></span> <span class='ocrx_word' id='word_1_529' title='bbox 1312 3962 1336 4012; x_wconf 93' lang='grc'><strong>6.</strong></span> <span class='ocrx_word' id='word_1_530' title='bbox 1345 3946 1370 4008; x_wconf 90' lang='grc'><strong>9,</strong></span> 
     </span>
     <span class='ocr_line' id='line_1_51' title="bbox 239 4012 1372 4080; baseline 0 -16"><span class='ocrx_word' id='word_1_531' title='bbox 239 4021 291 4064; x_wconf 89' lang='lat' dir='ltr'><strong>not.</strong></span> <span class='ocrx_word' id='word_1_532' title='bbox 309 4015 352 4074; x_wconf 91' lang='grc'><strong>19)</strong></span> <span class='ocrx_word' id='word_1_533' title='bbox 365 4014 469 4064; x_wconf 89' lang='grc'><strong>61066.</strong></span> <span class='ocrx_word' id='word_1_534' title='bbox 485 4013 514 4076; x_wconf 93' lang='grc'><strong>(1.</strong></span> <span class='ocrx_word' id='word_1_535' title='bbox 532 4015 549 4062; x_wconf 97' lang='lat' dir='ltr'><strong>l.</strong></span> <span class='ocrx_word' id='word_1_536' title='bbox 564 4029 589 4078; x_wconf 96' lang='lat' dir='ltr'><strong>p.</strong></span> <span class='ocrx_word' id='word_1_537' title='bbox 604 4012 648 4075; x_wconf 93' lang='lat' dir='ltr'><strong>lV,</strong></span> <span class='ocrx_word' id='word_1_538' title='bbox 663 4020 714 4062; x_wconf 87' lang='lat' dir='ltr'><strong>not.</strong></span> <span class='ocrx_word' id='word_1_539' title='bbox 729 4014 757 4077; x_wconf 96' lang='grc'>9)</span> <span class='ocrx_word' id='word_1_540' title='bbox 777 4029 867 4080; x_wconf 88' lang='lat' dir='ltr'><strong>parum</strong></span> <span class='ocrx_word' id='word_1_541' title='bbox 885 4024 1004 4067; x_wconf 84' lang='lat' dir='ltr'><strong>accurate</strong></span> <span class='ocrx_word' id='word_1_542' title='bbox 1023 4022 1153 4067; x_wconf 86' lang='lat' dir='ltr'><strong>asserunt.</strong></span> <span class='ocrx_word' id='word_1_543' title='bbox 1183 4013 1208 4064; x_wconf 88' lang='grc'><strong>16</strong></span> <span class='ocrx_word' id='word_1_544' title='bbox 1221 4016 1288 4064; x_wconf 91' lang='lat' dir='ltr'><strong>enim</strong></span> <span class='ocrx_word' id='word_1_545' title='bbox 1303 4022 1372 4064; x_wconf 91' lang='lat' dir='ltr'><strong>recte</strong></span> 
     </span>
     <span class='ocr_line' id='line_1_52' title="bbox 239 4081 1374 4150; baseline -0.001 -18"><span class='ocrx_word' id='word_1_546' title='bbox 239 4083 269 4144; x_wconf 93' lang='lat' dir='ltr'><strong>(l.</strong></span> <span class='ocrx_word' id='word_1_547' title='bbox 284 4084 303 4133; x_wconf 93' lang='lat' dir='ltr'><strong>l.</strong></span> <span class='ocrx_word' id='word_1_548' title='bbox 318 4099 342 4149; x_wconf 92' lang='lat' dir='ltr'><strong>p.</strong></span> <span class='ocrx_word' id='word_1_549' title='bbox 359 4084 419 4143; x_wconf 84' lang='lat'><strong>38):</strong></span> <span class='ocrx_word' id='word_1_550' title='bbox 440 4082 529 4148; x_wconf 79' lang='lat' dir='ltr'><strong>„Quid</strong></span> <span class='ocrx_word' id='word_1_551' title='bbox 545 4083 591 4132; x_wconf 89' lang='lat' dir='ltr'><strong>boc</strong></span> <span class='ocrx_word' id='word_1_552' title='bbox 605 4081 755 4132; x_wconf 87' lang='lat' dir='ltr'><strong>coniectura</strong></span> <span class='ocrx_word' id='word_1_553' title='bbox 770 4083 914 4134; x_wconf 83' lang='grc'><strong>1666661661</strong></span> <span class='ocrx_word' id='word_1_554' title='bbox 933 4084 1013 4150; x_wconf 80' lang='lat' dir='ltr'><strong>Quasi</strong></span> <span class='ocrx_word' id='word_1_555' title='bbox 1027 4099 1089 4135; x_wconf 88' lang='lat' dir='ltr'><strong>vero</strong></span> <span class='ocrx_word' id='word_1_556' title='bbox 1104 4083 1297 4148; x_wconf 87' lang='lat' dir='ltr'><strong>inscriptorum</strong></span> <span class='ocrx_word' id='word_1_557' title='bbox 1312 4082 1374 4132; x_wconf 87' lang='lat' dir='ltr'><strong>inis-</strong></span> 
     </span>
     <span class='ocr_line' id='line_1_53' title="bbox 237 4150 1371 4217; baseline -0.001 -16"><span class='ocrx_word' id='word_1_558' title='bbox 237 4159 278 4202; x_wconf 86' lang='lat' dir='ltr'><strong>set</strong></span> <span class='ocrx_word' id='word_1_559' title='bbox 290 4159 417 4217; x_wconf 84' lang='lat' dir='ltr'><strong>potestate</strong></span> <span class='ocrx_word' id='word_1_560' title='bbox 428 4151 523 4200; x_wconf 87' lang='lat' dir='ltr'><strong>librom</strong></span> <span class='ocrx_word' id='word_1_561' title='bbox 535 4150 616 4202; x_wconf 89' lang='lat' dir='ltr'><strong>semel</strong></span> <span class='ocrx_word' id='word_1_562' title='bbox 629 4151 748 4202; x_wconf 89' lang='lat' dir='ltr'><strong>emissum</strong></span> <span class='ocrx_word' id='word_1_563' title='bbox 762 4155 919 4203; x_wconf 87' lang='lat' dir='ltr'><strong>revocare.“</strong></span> <span class='ocrx_word' id='word_1_564' title='bbox 940 4156 1013 4203; x_wconf 82' lang='lat' dir='ltr'><strong>Anno</strong></span> <span class='ocrx_word' id='word_1_565' title='bbox 1026 4160 1111 4202; x_wconf 89' lang='lat' dir='ltr'><strong>autem</strong></span> <span class='ocrx_word' id='word_1_566' title='bbox 1125 4152 1219 4201; x_wconf 89' lang='lat' dir='ltr'><strong>aetatis</strong></span> <span class='ocrx_word' id='word_1_567' title='bbox 1229 4153 1261 4202; x_wconf 83' lang='lat' dir='ltr'><strong>bl</strong></span> <span class='ocrx_word' id='word_1_568' title='bbox 1276 4152 1295 4201; x_wconf 90' lang='lat' dir='ltr'><strong>i.</strong></span> <span class='ocrx_word' id='word_1_569' title='bbox 1306 4166 1330 4201; x_wconf 91' lang='lat' dir='ltr'><strong>e.</strong></span> <span class='ocrx_word' id='word_1_570' title='bbox 1345 4165 1371 4200; x_wconf 91' lang='grc'><strong>6.</strong></span> 
     </span>
     <span class='ocr_line' id='line_1_54' title="bbox 238 4218 1371 4288; baseline -0.002 -18"><span class='ocrx_word' id='word_1_571' title='bbox 238 4220 299 4270; x_wconf 88' lang='lat' dir='ltr'><strong>Cbr.</strong></span> <span class='ocrx_word' id='word_1_572' title='bbox 314 4221 452 4286; x_wconf 81' lang='grc'><strong>40666616</strong></span> <span class='ocrx_word' id='word_1_573' title='bbox 466 4235 542 4286; x_wconf 85' lang='lat' dir='ltr'><strong>opere</strong></span> <span class='ocrx_word' id='word_1_574' title='bbox 556 4235 602 4270; x_wconf 87' lang='lat' dir='ltr'><strong>sua</strong></span> <span class='ocrx_word' id='word_1_575' title='bbox 615 4221 752 4286; x_wconf 76' lang='lat' dir='ltr'><strong>evulgasse</strong></span> <span class='ocrx_word' id='word_1_576' title='bbox 765 4221 884 4285; x_wconf 90' lang='lat' dir='ltr'><strong>videtur,</strong></span> <span class='ocrx_word' id='word_1_577' title='bbox 906 4223 931 4272; x_wconf 93' lang='lat' dir='ltr'><strong>id</strong></span> <span class='ocrx_word' id='word_1_578' title='bbox 950 4221 1014 4288; x_wconf 90' lang='lat' dir='ltr'><strong>quod</strong></span> <span class='ocrx_word' id='word_1_579' title='bbox 1035 4235 1067 4270; x_wconf 86' lang='lat' dir='ltr'><strong>ex</strong></span> <span class='ocrx_word' id='word_1_580' title='bbox 1079 4219 1162 4284; x_wconf 87' lang='lat' dir='ltr'><strong>praei.</strong></span> <span class='ocrx_word' id='word_1_581' title='bbox 1179 4219 1268 4286; x_wconf 90' lang='lat' dir='ltr'><strong>liquet.</strong></span> <span class='ocrx_word' id='word_1_582' title='bbox 1301 4218 1371 4270; x_wconf 88' lang='lat' dir='ltr'><strong>Nibil</strong></span> 
     </span>
     <span class='ocr_line' id='line_1_55' title="bbox 237 4289 1203 4356; baseline 0.003 -19"><span class='ocrx_word' id='word_1_583' title='bbox 237 4289 317 4353; x_wconf 81' lang='lat' dir='ltr'><strong>igitur</strong></span> <span class='ocrx_word' id='word_1_584' title='bbox 328 4290 429 4340; x_wconf 84' lang='lat' dir='ltr'><strong>omnino</strong></span> <span class='ocrx_word' id='word_1_585' title='bbox 443 4289 473 4341; x_wconf 93' lang='lat' dir='ltr'><strong>de</strong></span> <span class='ocrx_word' id='word_1_586' title='bbox 487 4296 598 4356; x_wconf 88' lang='lat' dir='ltr'><strong>tempore</strong></span> <span class='ocrx_word' id='word_1_587' title='bbox 611 4289 696 4342; x_wconf 84' lang='lat' dir='ltr'><strong>exitus</strong></span> <span class='ocrx_word' id='word_1_588' title='bbox 710 4292 767 4342; x_wconf 89' lang='grc'><strong>6166</strong></span> <span class='ocrx_word' id='word_1_589' title='bbox 780 4291 857 4343; x_wconf 87' lang='lat' dir='ltr'><strong>evilo</strong></span> <span class='ocrx_word' id='word_1_590' title='bbox 871 4291 922 4342; x_wconf 91' lang='lat' dir='ltr'><strong>dici</strong></span> <span class='ocrx_word' id='word_1_591' title='bbox 936 4297 981 4341; x_wconf 91' lang='lat' dir='ltr'><strong>out</strong></span> <span class='ocrx_word' id='word_1_592' title='bbox 993 4289 1096 4339; x_wconf 86' lang='lat' dir='ltr'><strong>deliniri</strong></span> <span class='ocrx_word' id='word_1_593' title='bbox 1109 4295 1203 4355; x_wconf 86' lang='lat' dir='ltr'><strong>puteat.</strong></span> 
     </span>
    </p>
   </div>
   <div class='ocr_carea' id='block_1_5' title="bbox 0 0 1542 4820">
    <p class='ocr_par' dir='ltr' id='par_1_5' title="bbox 0 0 1542 4820">
     <span class='ocr_line' id='line_1_56' title="bbox 0 0 1542 4820; baseline 0 0"><span class='ocrx_word' id='word_1_594' title='bbox 0 0 1542 4820; x_wconf 95' lang='lat' dir='ltr'><strong> </strong></span> 
     </span>
    </p>
   </div>
  </div>
 </body>
</html>
