3020 4832
565 297 785 350 APOTHEOSIS.

200 505 262 552 non
277 492 445 552 revocante
461 487 542 548 ianne
557 486 713 563 stipabant
729 485 865 562 undique
881 489 1002 562 septum

199 588 449 658 inmemoresque
465 582 525 642 cibi
539 581 638 655 uicos,
657 579 797 656 castella,
815 580 991 654 macellum,

198 682 320 757 oppida,
338 682 494 740 mercatus
509 679 541 737 et
555 677 760 738 conciliabula
777 680 808 738 et
822 676 917 738 umes

198 777 394 850 respuerant,
413 773 501 846 largo
518 771 655 832 contenti
672 772 814 846 dogmate
830 771 926 830 vesei.

197 867 299 931 Multa
316 869 418 931 virum
434 871 533 927 strata
549 866 673 927 fervent
687 865 833 926 convivia
848 865 931 924 iano.

198 961 357 1027 Centenos
373 963 466 1024 simul
482 962 645 1024 accubitus
661 963 758 1023 iniere
773 960 908 1034 sodales

199 1075 295 1134 seque
310 1073 366 1134 per
379 1059 560 1119 innumeras
576 1055 746 1118 infundunt
760 1055 884 1130 agmina
902 1067 1036 1127 mensas,

197 1152 369 1230 pisciculis,
387 1152 449 1212 lam
465 1152 557 1213 crede
574 1150 687 1225 Deum,
706 1149 874 1210 saturanda
892 1147 1012 1208 duobus
1193 1161 1242 1208 trs

198 1251 230 1308 et
244 1247 353 1323 paucis
369 1250 529 1308 crescente
545 1246 613 1308 cliro
629 1259 684 1321 per
699 1245 854 1320 fragmina
870 1243 998 1305 crustis.

198 1341 344 1404 Ambesis
360 1342 488 1424 dapibus
503 1342 685 1404 cumulatim
702 1341 830 1415 adgesta
846 1339 1020 1400 redundant

198 1437 329 1514 fercula,
348 1438 395 1498 liis
412 1453 504 1500 senos
521 1439 672 1501 micarum
687 1438 821 1498 molibus
836 1435 956 1511 inplent

196 1537 269 1610 past
283 1545 411 1594 caenam
427 1531 596 1606 cophinos3
620 1529 737 1590 crudus
753 1528 885 1588 conviva
899 1526 1028 1588 resudat

199 1627 377 1704 congeriem
392 1626 526 1701 ventris,
544 1625 643 1700 gemit
657 1628 689 1684 el
704 1625 762 1685 suli
779 1625 862 1686 fasce
877 1627 1030 1690 minister.
1041 1630 1054 1690 i
1193 1643 1243 1694 rio

198 1720 277 1804 Quis
294 1722 454 1783 cumulare
469 1724 572 1796 potest
587 1720 695 1796 epulas
711 1721 742 1781 in
759 1721 891 1796 granata
906 1724 1041 1796 parvas?

197 1820 280 1895 quis,
298 1818 358 1878 nisi
374 1817 427 1893 qui
444 1829 556 1891 corpus
571 1819 757 1890 pastumque
772 1819 804 1876 et
819 1816 959 1891 corporis
975 1831 1096 1878 omnem

194 1913 333 1974 'condens
349 1927 388 1972 ex
404 1910 500 1972 nillilo
516 1909 601 1971 nulla
618 1910 775 1970 existente
790 1911 910 1972 creavit

196 2007 345 2068 mundum
362 2003 514 2067 materia?
529 2017 591 2065 non
607 2005 691 2066 sicut
707 2004 846 2079 sculptor
861 2005 899 2065 ab
915 2006 997 2067 aeris

195 2103 309 2165 rudere
326 2101 483 2161 decoctam
500 2099 678 2159 consuescit
693 2099 800 2159 vivere
815 2115 968 2160 massam:
1193 2113 1241 2164 725
1264 2148 1268 2151 .

196 2195 250 2258 sed
266 2192 353 2256 Deus
369 2193 564 2268 omnipotens
579 2192 685 2254 oriem
701 2192 769 2252 sine
784 2193 902 2253 semine
918 2193 1020 2254 ilnnit.

180 2386 239 2437 708.
254 2384 309 2436 Nec
323 2382 415 2446 pugg
429 2382 555 2446 stipabat
569 2382 624 2431 ltu¹
697 2382 757 2431 710.
771 2387 908 2432 marcatas
921 2382 963 2432 2a
975 2397 990 2432 a
1003 2399 1029 2434 a.
1090 2385 1149 2435 ila.
1157 2385 1241 2449 secta

115 2457 169 2504 lm.
278 2454 337 2503 713.
357 2452 459 2508 inreA.
566 2450 626 2500 715.
646 2450 832 2500 tamdedmri.
940 2453 998 2502 717.
1018 2453 1196 2504 Amesc'rlm.

162 2523 222 2573 7Ι8.
243 2521 368 2571 mollitas
382 2519 414 2570 ad
427 2533 496 2570 oram
510 2517 569 2568 nat.
596 2517 633 2566 Ad
647 2522 781 2568 micarum
794 2519 887 2570 molita
905 2527 1003 2585 spectat
1017 2522 1094 2571 etiam
1111 2522 1192 2572 isonis
1205 2523 1239 2584 gl.

127 2592 185 2643 719.
202 2606 299 2642 coenas
314 2590 349 2639 la
364 2591 418 2639 lm.
491 2587 548 2637 720.
562 2590 693 2637 ministra
705 2586 793 2650 Prag.‚
808 2591 951 2638 ministrat
966 2591 1010 2655 lq.
1084 2592 1142 2641 iit.
1156 2607 1242 2657 pran-

112 2661 155 2710 dia
169 2661 303 2724 ingeniose
315 2659 384 2709 coni.
400 2657 496 2708 Caceh.
563 2721 565 2726 y
616 2657 674 2708 722.
691 2663 858 2722 pastorique
872 2663 900 2706 et
910 2658 998 2724 scripti
1012 2675 1042 2708 ac
1054 2659 1129 2726 impr.
1144 2676 1241 2716 omnes,

109 2737 220 2794 pastam
234 2744 340 2794 quaque
352 2743 427 2792 corp.
442 2725 509 2774 coni.
525 2723 630 2788 Heius,
650 2731 677 2774 et
688 2730 798 2790 pastum
815 2741 887 2790 corsi.
903 2729 968 2776 coni.
985 2729 1079 2793 Arev.;
1100 2747 1176 2780 omne
1190 2730 1205 2779 b
1218 2746 1242 2780 m

110 2797 209 2852 Wcitz.
225 2799 287 2861 (nou
301 2797 339 2857 B).
454 2794 513 2844 724.
529 2793 588 2843 725.
609 2795 642 2843 ab
656 2809 717 2843 acre
732 2795 848 2844 tradam
865 2801 891 2844 et
903 2799 1071 2847 inexcoctam
1087 2815 1158 2849 cans.
1175 2799 1239 2850 Dav.

110 2867 165 2917 Gis.
178 2885 186 2931 3
197 2869 309 2930 fingere
323 2863 382 2914 liat.
395 2880 417 2913 m
432 2864 521 2928 (supra
534 2879 579 2928 pro
594 2863 645 2912 div.
661 2863 763 2928 script.)
778 2880 793 2928 q
807 2863 882 2916 Faba.
899 2864 954 2915 Gis.
970 2865 1067 2917 Waltz.
1089 2872 1149 2932 (aon
1165 2867 1184 2918 E
1201 2867 1240 2933 Ρ),

110 2934 167 3003 [sed
181 2936 232 2986 cfr.
248 2934 349 2997 Heius„
364 2932 430 2982 Stat.
445 2930 509 2984 silv.
525 2931 556 2994 ΙΙ,
571 2932 595 2990 2,
610 2932 652 2982 67.
669 2931 723 2982 iuv.
738 2932 807 2996 vill,
823 2934 870 2983 103
885 2933 959 3001 elc.].

159 3097 220 3148 7⁰8.
236 3096 312 3146 Licet
317 3097 423 3161 samem
431 3099 595 3162 paterentur
603 3109 655 3160 po·
750 3097 810 3146 711.
832 3096 959 3161 dogmate
977 3095 1060 3163 vesci]
1081 3096 1134 3147 cn.
1150 3096 1179 3148 C.
1196 3096 1241 3161 ΙΙΙ,

107 3168 167 3233 pali
182 3171 300 3230 propter·
318 3165 485 3216 dulcedinem
503 3170 532 3213 ct
546 3165 654 3230 praedi·
700 3163 741 3230 18,
755 3165 796 3216 33.

109 3241 246 3286 rationem
261 3235 380 3295 Christi,
401 3237 481 3284 etiam
500 3237 529 3282 n'n
548 3233 654 3284 decerta
750 3236 809 3285 721.
830 3236 936 3286 Addita
953 3251 1055 3302 parco,
1076 3235 1105 3284 c'd
1123 3240 1166 3284 eat
1174 3248 1242 3299 par-

108 3305 241 3354 natedcnt
253 3319 311 3352 cnm
325 3305 476 3366 relinquere
488 3302 522 3365 gi.
538 3317 562 3352 a.
697 3317 746 3352 cac
758 3310 913 3354 creaturae.
940 3307 1056 3354 I’araam
1069 3309 1159 3366 antem
1174 3303 1243 3351 dicit

158 3375 219 3423 710.
248 3369 440 3438 conciliabula]
465 3371 513 3420 nti
537 3369 653 3420 concilia
694 3371 1242 3439 propterc'mpersectr'onem,paasideaa

109 3443 265 3506 agebantur
276 3441 311 3504 gl.
327 3455 356 3508 c3
377 3441 448 3500 loca,
469 3439 511 3488 ubi
530 3439 555 3487 ia
570 3439 654 3488 conci·
697 3444 870 3507 imperfectas
890 3441 1171 3505 creataracsecc'ssct,
1193 3442 1244 3502 qai

107 3511 168 3559 lium
183 3511 351 3572 convenitur,
368 3509 385 3558 i.
401 3524 424 3557 e.
439 3508 482 3556 nbi
497 3523 654 3572 congregant-
697 3511 832 3559 nominem
848 3514 875 3558 tn
898 3509 973 3560 XXX
992 3523 1124 3558 annornm
1149 3513 1242 3557 aetate

107 3587 150 3630 tar
180 3580 297 3628 homines
327 3577 487 3642 colloquendi
512 3584 538 3626 et
562 3577 653 3641 agendi
698 3583 817 3641 crearit,
840 3584 979 3628 creat-aras
1001 3581 1241 3643 quoqccecactcras

108 3663 198 3708 caasa,
214 3646 300 3713 qualia
313 3647 337 3696 in
353 3646 523 3696 vicissuntet
536 3646 560 3694 in
573 3647 651 3710 agris,
694 3647 834 3713 perfectas
845 3649 927 3713 fecit.
959 3647 1032 3697 Nam
1051 3649 1163 3697 artarer
1177 3660 1243 3711 prc-

107 3718 150 3766 abi
164 3716 257 3765 rustici
271 3715 450 3765 cocuntcerlis
463 3715 552 3764 diebus
564 3715 606 3764 vel
621 3715 653 3765 ad
697 3715 824 3766 ducendis
837 3717 981 3780 sanctitas
999 3721 1080 3782 aptas
1099 3721 1242 3780 omniaque

107 3785 241 3835 emendam
255 3791 281 3834 et
293 3783 463 3846 vendendum,
477 3783 519 3832 vel
532 3784 562 3832 ad
577 3797 654 3852 agen·
698 3786 827 3834 animalia
833 3787 957 3850 fectitas
966 3785 1130 3850 generandis
1142 3785 1242 3835 idonea

107 3855 165 3902 dnm
180 3854 211 3903 de
226 3854 302 3902 rebus
316 3853 425 3919 publicis
442 3853 473 3902 ad
495 3852 563 3917 ipsos
577 3854 655 3917 perti·
690 3856 840 3920 saracacn't.
872 3854 926 3905 Sed
942 3857 1057 3920 pararem
1072 3855 1155 3918 dicit,
1176 3857 1241 3922 qaia

108 3922 240 3972 centibus.
262 3921 316 3973 cn.
333 3922 388 3971 Liv.
403 3919 460 3984 XL,
475 3921 517 3984 37,
538 3919 652 3985 Vitis,
699 3939 779 3972 annam
813 3925 945 3974 nominem
967 3927 1103 3989 primitas
1122 3923 1239 3987 fecerit,

106 3989 233 4052 xxxiv,
251 3992 274 4053 l,
288 3989 396 4041 Tertull.
412 3989 486 4056 Apol.
498 3989 545 4052 37,
562 3989 652 4040 isidor.
698 3995 746 4058 qai
766 3995 794 4040 tn
813 3996 870 4042 cais
885 3995 1004 4058 posteris
1017 3991 1241 4058 multiplicandae

107 4060 180 4124 Orig.
197 4057 255 4110 XV.
272 4059 304 4108 2:
326 4061 395 4125 rega
412 4065 478 4108 cacat
497 4065 563 4124 apta
583 4059 654 4109 aedi·
698 4067 874 4124 angmentum
888 4065 1021 4126 reciperet
1032 4061 1066 4124 gi.
1083 4075 1107 4109 a.

98 4131 179 4190 ficiis
194 4127 253 4177 laea
267 4131 340 4177 inter
356 4143 440 4192 agros
455 4127 651 4178 inabitantibus.
749 4129 797 4180 724
813 4145 850 4195 sq.
866 4135 937 4180 acria
950 4127 1058 4195 radere]
1073 4144 1117 4179 aes
1132 4126 1241 4176 nondum

106 4199 180 4248 Haec
202 4203 230 4246 at
252 4197 432 4247 conciliabuta
455 4197 531 4246 dicta
552 4213 569 4245 a
591 4212 654 4247 can·
695 4213 783 4263 purum
804 4206 900 4264 putum.
928 4197 992 4248 ecit.
1013 4199 1079 4247 male
1097 4193 1198 4246 confert
1211 4193 1239 4243 P.

104 4272 190 4316 venta
220 4270 250 4315 ct
278 4269 407 4316 socictate
444 4265 595 4315 maltorum
624 4269 652 4315 tn
695 4266 727 4330 ΙΙ,
744 4268 792 4317 teo
805 4267 999 4332 radera,quae
1013 4273 1072 4316 suut
1085 4263 1240 4329 lapicidinae

104 4350 200 4384 ancras.
693 4337 734 4386 vel
748 4337 864 4387 metalla.

178 4440 311 4486 Prudentius
324 4441 359 4485 ed.
372 4441 469 4486 Dresscl.
1012 4417 1032 4480 8
