3046 4830
653 268 727 321 AUR.
743 265 921 320 roubertum
936 267 1040 318 CLEM.

585 459 751 519 thesaurus
767 461 801 518 ot
815 457 961 534 fragrans
976 456 1052 517 odor

585 552 665 613 turis
682 549 806 626 Sabaei,
824 565 860 612 ao
876 551 1042 627 myrrheus

586 645 689 720 nutris
704 645 881 720 sepulcrum
896 643 1071 719 praedocet.

629 737 698 802 *noc
714 743 762 800 est
777 739 965 814 sepulcrum
983 752 1044 814 uuo
1060 736 1156 812 Deus,

586 835 657 898 dum
673 849 785 912 eorpus
801 836 944 912 extingui
961 835 1037 895 sinit

586 935 679 1005 atque
694 931 725 992 io
741 931 895 1006 sepultum
911 931 1055 1005 suscitat,

588 1024 696 1085 mortis
712 1025 844 1100 refregit
859 1038 1026 1086 carcerem.

630 1115 657 1182 0
674 1119 740 1180 sola
756 1133 940 1195 magnarum
956 1118 1079 1180 urbium

587 1216 684 1277 maior
699 1211 853 1291 Bethlem,
872 1215 922 1276 eui
938 1215 1071 1290 contigit

586 1311 694 1372 donem
711 1311 822 1371 salutis
838 1311 969 1371 caelitus

585 1407 814 1480 incorporatum
829 1407 971 1481 gignere.

630 1500 752 1563 Altrioe
766 1507 797 1562 te
813 1516 933 1563 summo
948 1499 1037 1563 Patri

584 1599 696 1660 haeres
712 1604 838 1661 creatur
854 1600 976 1673 uniens,

586 1693 678 1754 bomo
693 1707 732 1754 ex
748 1693 886 1754 tonantis
902 1693 1015 1767 spiritu

585 1790 728 1864 idemque
744 1791 802 1850 sub
817 1787 963 1849 membris
979 1784 1076 1850 Deus.

629 1881 719 1944 Hune
735 1887 767 1942 et
781 1883 939 1958 prophetis
954 1869 1086 1941 testibus

584 1977 744 2051 isdemque
761 1976 974 2052 signatoribus

585 2073 717 2130 testator
732 2073 763 2130 et
778 2073 865 2130 sator
880 2069 965 2130 iubet

586 2164 671 2225 antire
687 2179 817 2240 regnum
834 2167 866 2223 et
881 2176 1025 2224 eernere:

630 2257 787 2335 Regnum,
804 2258 885 2334 quod
902 2257 997 2318 ambit
1013 2257 1114 2316 omnia

584 2359 655 2417 tiva
671 2361 702 2417 et
718 2357 837 2417 marina
853 2359 885 2416 et
901 2360 1002 2416 terreo

586 2451 695 2510 asotis
712 2453 784 2510 ortu
800 2449 836 2509 ad
854 2449 973 2508 exitum

585 2550 617 2607 et
631 2549 748 2606 tartara
764 2547 795 2605 et
810 2544 929 2604 caelum
947 2556 1052 2616 supra.

632 2640 731 2703 Aaou
745 2644 902 2718 tyrannus
919 2639 1033 2700 anxius

587 2736 695 2796 adesse
712 2749 821 2810 regum
836 2735 1017 2809 prinoipem,

292 2843 325 2891 ao
587 2834 639 2906 qni
656 2847 766 2893 nomen
782 2828 880 2892 Israel
896 2835 985 2906 regat

1181 1375 1189 1404 i

363 3031 404 3079 tu.
424 3046 499 3094 oeq3
512 3031 642 3096 flagrans
656 3030 710 3080 Ab
726 3031 757 3081 W
773 3029 847 3080 boto.
864 3031 920 3080 Pnt.
935 3031 950 3080 b
964 3045 978 3094 q
992 3046 1008 3078 ιι
1021 3029 1079 3079 bio.
1097 3029 1177 3090 Lugd.
1195 3027 1264 3077 sien.
1276 3034 1329 3075 tres
1344 3026 1421 3076 Chor.

294 3097 374 3148 Poett.
386 3136 393 3162 ,
405 3099 538 3164 fraglans
554 3099 570 3147 B
586 3098 605 3148 R
619 3098 720 3217 wid·
735 3098 781 3163 ΧΙ,
797 3097 857 3168 68];
885 3100 949 3150 odos
963 3097 1020 3148 Put.
1126 3099 1167 3148 71.
1188 3093 1251 3146 ot0
1267 3095 1346 3145 Laur.
1364 3095 1420 3146 run.

293 3183 311 3216 α
325 3167 339 3216 b
352 3183 375 3216 nn
389 3167 454 3218 Ceti.
469 3170 566 3228 Areu,
586 3169 622 3218 ad
654 3175 690 3218 ut.
866 3171 907 3219 73.
928 3173 971 3217 est
982 3183 1031 3216 om.
1047 3167 1076 3232 b,
1097 3167 1152 3216 Hoe
1165 3167 1214 3216 boe
1226 3169 1267 3214 est
1278 3181 1332 3230 sep.
1351 3163 1421 3228 Pub,

293 3237 349 3286 Hoe
361 3238 409 3286 boe
423 3253 477 3297 sen.
493 3253 524 3288 ex
538 3236 635 3286 Heinsii
648 3238 796 3288 coniectura
808 3235 896 3286 Cbam.
910 3236 975 3286 Cell.
989 3235 1075 3296 Teol„
1089 3237 1159 3300 vuig.
1173 3234 1323 3284 ooniirmant
1336 3235 1420 3300 reiqq.

293 3307 374 3356 nostri
388 3307 461 3356 codd.
476 3313 502 3356 et
515 3306 572 3356 edd.
595 3323 649 3356 eum
665 3307 758 3370 Laur.;
779 3307 851 3372 qnod
862 3321 939 3372 supra
956 3307 1036 3370 tque
1050 3320 1088 3368 m,
1109 3305 1181 3370 quood
1201 3303 1300 3352 Erasm.
1317 3300 1373 3352 Gis.
1389 3303 1421 3352 ad

292 3391 372 3425 oram.
513 3375 555 3426 78.
577 3375 710 3426 Bethleem
724 3375 744 3425 H
758 3373 793 3426 W
806 3375 881 3427 Gold.
896 3373 953 3426 flat.
969 3375 1009 3424 in
1022 3374 1028 3423 i
1043 3390 1065 3426 m
1080 3390 1095 3423 u
1109 3371 1223 3436 Weitz.3
1238 3377 1266 3421 et
1278 3375 1324 3422 eut
1337 3371 1368 3420 Ε.
1413 3433 1418 3446 ’

339 3447 379 3496 79.
401 3445 499 3495 Loeem
512 3445 586 3508 Prag.
745 3445 788 3493 80.
808 3443 1016 3509 Incorporotem
1032 3443 1106 3506 Prug.
1246 3441 1288 3491 82.
1310 3446 1424 3490 creator

294 3515 314 3562 Α
329 3514 347 3561 b
361 3530 386 3579 q.
554 3514 597 3564 83.
619 3517 728 3563 tonanti
739 3512 772 3563 W
787 3515 829 3575 (ad
844 3515 926 3574 oram)
942 3512 1016 3562 Gold.
1031 3512 1080 3575 bi,
1107 3513 1214 3562 tonanti
1236 3509 1324 3560 addito
1338 3527 1351 3558 s
1365 3525 1421 3559 enm

292 3597 348 3630 var.
364 3584 424 3632 teet.
440 3597 517 3647 supra
530 3583 566 3632 et.
584 3586 606 3632 η’
616 3597 649 3632 m.
768 3583 810 3633 86.
830 3582 968 3648 Isdemque
984 3583 994 3630 1
1012 3581 1089 3632 Laur.
1102 3579 1175 3632 Gold.
1192 3594 1207 3628 a
1221 3579 1227 3627 i
1243 3581 1286 3628 im
1300 3595 1316 3628 u
1330 3577 1420 3628 Heius.

293 3650 359 3700 Caii.
370 3651 433 3700 0bb.
450 3649 518 3718 [Cir.
531 3653 674 3701 Biinemann
689 3651 720 3701 ad
730 3651 803 3701 Laut.
819 3650 838 3714 i,
849 3652 874 3714 6,
885 3649 925 3718 4],
942 3650 1099 3716 Hr'sdemque
1113 3647 1215 3700 ibatur.
1230 3665 1247 3696 a
1257 3647 1295 3716 bq
1310 3645 1422 3710 Weitz„

293 3719 442 3783 Iisdemque
455 3721 501 3770 2111
515 3720 571 3768 nid.
586 3720 667 3785 Lugd.
682 3717 751 3772 Sieb.
763 3728 816 3770 tres
830 3719 906 3769 Febr.
923 3719 976 3771 Gis.
993 3717 1069 3768 Cher.
1086 3717 1168 3768 Poeti.
1185 3717 1279 3766 nostr.
1297 3717 1375 3767 Arev.

328 3787 369 3836 88.
391 3789 493 3837 Audire
509 3792 527 3836 Α
543 3788 562 3837 ii
576 3788 595 3838 P
608 3805 631 3854 q.
784 3790 826 3840 90.
850 3791 916 3838 Diuo
929 3805 945 3837 u
959 3796 985 3838 et
998 3805 1029 3838 ex
1043 3787 1189 3838 coniectura
1202 3785 1341 3847 Erasmus,
1371 3785 1422 3834 Dio

294 3858 372 3921 reiqq.
389 3856 469 3906 nostri
483 3857 572 3921 scripti
586 3865 611 3907 et
625 3858 699 3920 edd.;
720 3858 826 3909 subinde
839 3861 1000 3923 muriaeque
1014 3863 1041 3906 et
1053 3861 1180 3908 terree'u.

291 4030 402 4095 putero,
430 4027 529 4094 ttetpio.
550 4029 575 4077 in
597 4045 673 4080 earm.
693 4031 723 4082 de
737 4029 833 4080 Christi
930 4029 971 4080 86.
997 4024 1194 4093 signatoribus]
1217 4027 1356 4092 prophetae
1377 4041 1423 4092 pro

294 4099 348 4148 iesu
368 4097 499 4147 benefieiis
519 4097 587 4147 Gens
605 4099 835 4150 chaldaeo...dot
879 4104 1030 4148 testamento
1067 4097 1237 4162 componendo
1273 4095 1422 4144 testimonia

292 4183 420 4228 munera,
446 4163 508 4232 rogi
529 4167 656 4224 diuitias,
683 4169 732 4216 dot
752 4170 833 4218 tiore
879 4175 996 4217 notantes
1021 4173 1047 4216 et
1071 4167 1235 4230 obsignantes
1257 4171 1339 4214 testes
1359 4165 1421 4213 otiati

295 4237 346 4287 Deo
364 4237 557 4302 myrrhamque
570 4237 711 4302 repetiere,
727 4237 829 4286 Hieron.
878 4253 908 4286 ao
921 4235 1108 4300 obsignatores.

293 4305 324 4356 nd
341 4305 433 4357 Mattio.
449 4305 468 4368 1,
483 4305 508 4354 2.
