3054 4820
168 295 295 349 carun.
328 296 373 348 ΒΕ
387 293 561 348 conlctutts
574 293 645 346 MSS.
661 292 704 346 ET
717 294 932 350 llllll'lllNlBUS
945 298 1133 358 penneltun.
1186 307 1265 350 xxttt

139 487 216 549 quae
246 466 277 528 in
299 466 503 530 Laurentiano
524 465 696 529 Florentiae
725 478 829 530 extant
852 469 1067 548 Prudentique,
1096 475 1266 557 imperfecta

142 569 224 632 sunt,
242 560 343 624 itidem
357 559 499 643 parvique
515 559 653 643 ponderis
666 579 713 636 ea,
732 577 808 642 quae
820 559 888 624 alibi
900 561 1104 628 inveniuntur.
1123 567 1155 630 ld
1168 579 1265 634 autem

139 654 182 716 ita
204 674 272 716 esse
302 675 360 716 non
384 655 498 718 insola
521 653 626 726 ltalia,
655 656 706 718 sed
731 656 817 742 etiarn
840 658 915 738 apud
938 657 1120 739 Germanos,
1153 662 1265 738 Gallos,

141 749 301 814 Britannos
327 748 576 812 celebratissimae
604 750 743 831 quasdam
771 749 962 825 bibliothecas
989 752 1180 820 Prudentium
1207 781 1267 824 non

141 845 252 908 babere
267 846 334 907 iure
351 845 461 908 doleas.
495 843 576 922 Quae
591 866 655 907 oum
672 847 714 909 ita
730 845 809 922 sint,
830 847 878 929 qui
894 847 1085 914 Prudentium
1102 853 1266 929 ediderunt,

142 943 215 1005 nibil
230 943 269 1005 iis
285 941 436 1024 antiquius
449 961 518 1005 esse
534 941 676 1019 debebat,
694 963 780 1025 quam
796 953 829 1004 ut
843 945 1046 1022 membranas,
1071 959 1215 1031 quotquot
1230 955 1266 1014 ad

143 1060 260 1102 manum
284 1049 404 1115 essent,
432 1059 545 1101 summa
569 1059 634 1101 cum
656 1059 728 1102 cura
750 1049 927 1102 excuterent
949 1042 985 1104 ad
1002 1053 1118 1124 poetam
1141 1048 1266 1129 pristino

141 1134 233 1196 nitori
256 1133 483 1215 restituendum.
518 1133 784 1197 Verumeoimvero
806 1135 853 1216 qui
869 1135 1087 1200 decimosexto
1103 1160 1137 1202 ac
1153 1142 1267 1207 decimo

139 1231 267 1313 septimo
288 1229 412 1293 saeculo·
423 1231 509 1293 codd.
523 1220 794 1315 manuscriptorum
806 1231 952 1313 praesidia
969 1233 1005 1294 ad
1021 1233 1136 1298 huncce
1152 1247 1265 1303 textum
1349 1303 1351 1312 ,

140 1325 356 1388 emendandum
373 1335 609 1408 congesserunt,
634 1325 656 1387 ii
674 1326 803 1408 profecto
826 1347 884 1389 nou
900 1347 1017 1390 omnem
1034 1330 1200 1414 scripturae
1216 1357 1267 1399 va-

141 1419 277 1482 rietatem
295 1419 516 1502 proponebant,
540 1419 591 1483 sed
610 1440 681 1482 eam
697 1421 760 1482 l'ere
776 1439 852 1499 quae
868 1442 920 1502 pro
936 1420 1067 1504 ipsorum
1084 1436 1170 1508 captu
1187 1429 1267 1492 utilis

139 1513 217 1576 foret
231 1514 268 1576 ad
284 1533 348 1576 rem
363 1524 450 1595 atque
466 1523 550 1597 apta,
570 1513 691 1596 reliquis
708 1507 844 1577 omnibus
858 1511 955 1597 iisque
970 1515 1048 1580 baud
1063 1539 1133 1582 raro
1149 1523 1267 1606 optimis

137 1609 233 1674 variis
248 1608 423 1674 lectionibus
440 1606 559 1671 silentio
574 1617 663 1690 atque
676 1608 823 1672 oblivione
840 1607 947 1672 iterum
964 1604 1099 1692 sepultis.
1128 1613 1267 1681 Attamen

138 1719 279 1789 quantum
295 1707 370 1771 lucis
385 1707 503 1788 integra
525 1705 708 1790 supellectile
731 1705 838 1774 critica¹
850 1706 905 1789 ipsi
928 1719 1030 1772 textus
1045 1709 1208 1777 intellectui
1223 1717 1267 1778 af-

139 1803 230 1880 ferri,
250 1815 392 1886 quantum
407 1804 597 1866 tenebrarum
614 1823 719 1866 manca
734 1803 851 1866 ratione
874 1804 975 1868 critica
991 1801 1113 1870 diffundi
1129 1819 1217 1888 queat
1231 1831 1267 1873 ac

138 1898 265 1977 debeat,
289 1918 411 1975 omnes,
436 1897 543 1980 quibus
559 1897 645 1960 buius
668 1899 713 1962 rei
728 1897 867 1962 iudicium
893 1911 955 1980 est,
982 1902 1068 1965 bodie
1083 1905 1266 1988 [persuasum

140 1993 262 2057 babent.
301 1993 402 2056 llritici
418 1993 559 2056 iudicium
573 2003 676 2056 textus
692 1993 929 2058 emendationem
946 1996 1067 2078 attingit
1082 2008 1170 2080 atque
1186 2009 1269 2082 pate·

139 2087 229 2168 facit,
259 2089 330 2152 boni
353 2088 477 2152 Codices
502 2088 719 2172 manuscripti
747 2090 868 2152 eandem
891 2091 1064 2174 perficiunt,
1093 2093 1265 2170 absolvunt,

138 2205 241 2248 veram
265 2185 403 2250 reddunt.
442 2183 539 2262 Quare
562 2185 620 2248 iam
641 2175 961 2267 barthius²):',‚lllud
984 2198 1095 2272 certqm
1118 2199 1182 2263 est,
1207 2209 1266 2252 non

141 2290 247 2343 extare
269 2290 406 2343 auctores
428 2279 630 2361 corruptiores
653 2279 720 2342 istis
742 2280 837 2364 poetis
861 2279 1058 2358 Christianis,
1088 2283 1136 2365 qui
1159 2281 1267 2365 ubique

141 2375 277 2439 omnibus
293 2387 380 2438 eraut
393 2375 423 2437 in
438 2373 600 2438 manibus“
616 2369 681 2453 et³t
705 2375 741 2438 de
755 2375 897 2452 Paulino,
921 2378 1037 2440 ratione
1053 2379 1178 2442 aliorum
1194 2401 1266 2462 quo·

140 2491 198 2554 que
213 2482 375 2554 poetarum.
391 2469 720 2534 christianorum-baud
743 2470 925 2552 subobspure
948 2472 1065 2535 habita:
1091 2474 1183 2550 „Dici
1206 2496 1265 2552 nou
1345 2473 1347 2477 ’

139 2577 256 2649 potest,
279 2586 366 2650 quam
383 2565 552 2628 contemtim
575 2565 664 2650 vulgo
681 2577 739 2628 tam
757 2565 857 2628 divina
874 2563 971 2648 Opera
986 2567 1167 2632 habeantur:
1194 2590 1267 2652 quo·
1358 2635 1361 2642 ,

140 2671 189 2724 tus
205 2661 285 2724 euim
302 2659 425 2744 quisquc
448 2671 494 2724 est
508 2661 558 2724 vel
578 2661 762 2724 eruditorum
784 2661 857 2727 nibil
873 2683 934 2725 nou
950 2665 1175 2747 pervagantium
1192 2665 1267 2729 alio-

140 2757 224 2839 quin,
244 2758 292 2839 qui
305 2757 410 2821 borum
426 2755 470 2818 bis
485 2761 536 2819 a'ut
551 2767 598 2818 ter
610 2756 798 2820 meminerit?
821 2757 903 2821 Unde
919 2757 1008 2841 louge
1020 2759 1108 2830 etiam
1124 2761 1266 2824 maiorem
1288 2771 1291 2777 ’

138 2850 316 2915 illustrantis
340 2849 521 2935 diligentiam
542 2850 714 2932 requirnnt,
745 2872 830 2933 quam
853 2865 984 2938 putatum
1017 2854 1159 2919 hactenus
1182 2866 1264 2920 est.“

141 2943 331 3030 Quantopere
355 2958 453 3010 autem
476 2958 542 3030 post
563 2967 689 3010 messem
712 2965 846 3028 messor,
871 2962 938 3033 post
958 2962 1072 3015 tectum
1088 2951 1265 3017 architectus

138 3041 417 3124 requirebatur‚,id
434 3042 568 3124 quamvis
590 3063 644 3125 pro
667 3042 851 3126 aliquantulo
872 3057 957 3130 parte
980 3050 1016 3111 iis
1039 3049 1177 3132 liquebit,
1201 3049 1263 3134 qui,

139 3159 225 3220 qnam
242 3156 297 3197 nos
311 3156 352 3197 ex
367 3136 449 3198 codd.
462 3135 543 3199 Vett.
561 3147 627 3220 post
636 3137 806 3216 Manatum,
825 3140 974 3220 Teolium,
991 3142 1164 3222 Arevalum‚
1183 3145 1265 3208 criti-

139 3255 205 3297 cam
222 3231 437 3316 supellectilem
446 3232 598 3296 Prudentii
611 3235 791 3298 carminibus
807 3237 996 3302 emendandis
1012 3251 1098 3322 atque
1113 3243 1265 3306 illustrau-

140 3330 184 3392 dis
200 3327 353 3392 attulimus
369 3329 529 3411 pleniorem
553 3339 642 3412 atque
664 3333 875 3395 correctiorem
899 3355 964 3396 cum
987 3334 1107 3399 illorum
1123 3343 1266 3421 apparatu

139 3425 190 3486 vel
205 3423 303 3487 obiter
324 3424 575 3506 comparaverint.
613 3425 690 3488 ldem
715 3447 755 3489 ex
776 3427 955 3490 accuratiori
979 3429 1136 3494 collatione
1160 3453 1263 3496 eornm

140 3520 242 3598 codd,
260 3518 309 3602 qui
322 3518 353 3580 iu
366 3507 656 3597 Gallia‚··Britaunia,
675 3519 845 3594 Germania,
863 3519 1000 3584 Helvetia
1012 3523 1061 3586 vel
1071 3525 1142 3588 alibi
1157 3526 1265 3605 latent,

138 3615 206 3700 plus
221 3615 359 3678 minusve
380 3615 456 3678 elbci
478 3633 565 3697 posse
589 3616 708 3677 omniuo
728 3617 800 3679 mibi
815 3636 991 3699 persuasum
1008 3628 1071 3692 est,
1096 3641 1160 3682 oum
1177 3623 1265 3686 etiam

139 3712 262 3776 Obbarii
284 3710 438 3774 novissimi
459 3707 583 3792 editoris
606 3711 843 3798 sollertiaalias
870 3715 944 3782 satis
967 3713 1112 3778 laudanda
1134 3736 1175 3778 ex
1197 3717 1266 3781 binc

138 3805 355 3892 supplementis
369 3803 545 3889 indigeam).
570 3806 629 3870 Sed
643 3805 672 3870 id
688 3807 864 3898 humanitus
874 3808 933 3872 illis
949 3807 1107 3888 accidisse,
1124 3811 1189 3894 quis
1205 3822 1264 3888 cst,

210 3961 238 4028 2)
258 3962 321 4012 Λᾶν.
337 3959 408 4025 Xlll,
424 3961 465 4026 19,
478 3978 502 4027 p.
520 3963 578 4012 745.

210 4031 239 4097 3)
259 4032 322 4080 adv.
338 4029 407 4095 Xlll‚
424 4030 465 4093 14,
479 4047 504 4097 p.
519 4031 578 4082 733.

121 4145 125 4150 .
212 4100 241 4164 l)
259 4099 392 4162 Dubitari,
406 4099 466 4166 quio
481 4100 615 4150 collationi
628 4099 886 4169 Guelferbytanorum
899 4103 972 4154 codd.
987 4101 1152 4153 Obbarianee
1172 4102 1265 4168 passim

139 4170 207 4221 fides
229 4168 345 4220 habenda
363 4168 407 4218 sit.
436 4169 517 4234 Atque
537 4184 576 4220 me
596 4187 644 4221 non
665 4185 766 4221 errasse
784 4186 842 4221 mox
861 4187 892 4223 ex
912 4173 944 4222 iis
958 4171 1048 4222 videre
1069 4169 1133 4234 luit,
1154 4186 1218 4238 quae
1232 4171 1265 4222 cl.

140 4239 245 4304 leepius
254 4237 452 4305 Guelferbytanl
466 4245 562 4302 rector,
576 4239 757 4290 humanissime
770 4241 913 4308 rescripsit.
933 4238 1015 4291 Notae
1028 4239 1133 4291 criticae
1147 4240 1267 4290 nonnulla

140 4308 193 4360 tibi
206 4307 357 4374 corrigenda
371 4305 528 4358 indicabunt.
544 4306 633 4373 Doleo,
648 4309 713 4375 quod
725 4309 826 4360 tardius
839 4309 978 4376 suspicioni
992 4324 1086 4362 vacare
1099 4309 1180 4374 coepi.
