3020 4832
609 281 685 334 ndu.
701 279 881 336 rudddiiru
895 281 997 334 ctiiu.

334 472 417 546 quod
432 471 493 533 duo
510 475 584 533 sunt
599 487 693 548 opera
709 471 861 544 humanas
877 471 1032 546 agitantia
1047 463 1152 535 ouras.
1257 549 1260 553 .

334 563 484 629 Exterior
499 572 643 630 terrenus
659 568 749 628 homo
765 571 824 642 εει,
844 568 897 641 qui
913 567 987 628 talia
1004 583 1138 631 cernens

336 662 452 724 conicit
467 677 538 724 esse
554 663 614 722 duo
630 662 789 723 variarum
805 662 933 722 numina
950 676 1067 740 rerum,
1077 673 1092 680 ⁴·

318 749 406 819 ¹dum
423 761 514 833 putat
529 772 599 838 esse
616 755 798 832 daemoni
815 770 912 831 prava
928 757 1089 820 effluxerit
1103 757 1190 834 oiim,

223 858 280 910 Ι15
314 854 366 911 xet
380 851 432 925 qut
449 855 535 911 reeta
550 851 658 911 itidem
671 849 807 910 condens
822 847 1000 910 induxerit:
1019 853 1126 912 ambos
1174 921 1178 929 ,
1268 845 1272 853 ’

332 946 474 1003 autumat
491 957 560 1002 esse
577 942 651 1002 deos
667 945 780 1002 natura
797 942 920 1018 dispare
936 958 1087 1006 summos.

335 1033 424 1116 Quae
439 1037 564 1098 tandem
579 1041 691 1099 natura
706 1040 810 1113 potest
825 1039 999 1100 consistere
1015 1041 1131 1116 ddpiex

333 1137 388 1193 aut
401 1146 535 1208 regnare
551 1133 615 1208 diu,
634 1147 725 1214 quam
743 1133 813 1193 ions
830 1133 950 1195 divisus
965 1135 1004 1194 ait
1020 1149 1092 1196 arce
1122 1133 1124 1137 ’

335 1231 470 1301 separat,
489 1226 671 1301 alternaque
686 1225 808 1301 apierrm
826 1226 943 1288 ditione
959 1228 1093 1290 recidit?

249 1336 282 1385 ao
333 1327 388 1384 aut
405 1337 487 1384 unus
503 1320 589 1384 Deus
606 1329 665 1400 est,
684 1320 790 1384 rerum
807 1323 858 1386 eui
875 1338 996 1386 summa
1012 1329 1164 1401 potestas,

336 1419 390 1496 aut
406 1429 485 1489 quae
500 1415 563 1496 iam
580 1416 640 1477 duo
657 1419 742 1490 sunt,
762 1417 947 1478 minuuntur
963 1419 1086 1494 dispare
1103 1432 1236 1479 summo.

335 1508 435 1571 Porro
453 1511 528 1571 1111111
545 1526 713 1585 summum,
732 1511 792 1573 nisi
806 1512 907 1587 plenis
924 1503 1043 1573 viribus
1059 1525 1175 1572 unum:

336 1604 489 1665 distantes
505 1605 663 1679 quoniam,
682 1609 839 1683 proprium
858 1608 929 1669 dum
946 1607 1078 1682 quisque
1094 1605 1222 1667 revulso

337 1698 474 1760 vindieat
490 1699 620 1776 inperio,
639 1717 696 1762 nee
713 1693 846 1780 summa,
865 1720 922 1765 nee
938 1703 1040 1764 omnia
1056 1706 1199 1778 possunt.
1282 1759 1286 1764 .

338 1790 391 1854 Ius
406 1795 527 1854 varium
545 1810 606 1855 non
624 1800 672 1857 est
687 1798 826 1874 pienum,
846 1799 995 1874 quianon
1012 1797 1104 1858 hairet
1119 1795 1223 1871 alter,-

338 1887 485 1962 puidquid
503 1887 609 1976 dispar
623 1883 734 1950 habet:
753 1893 912 1953 cumulum
929 1890 1076 1951 diseretio
1092 1889 1204 1972 earpit.

336 1979 405 2042 Nos
421 1983 546 2056 pienum
563 1984 630 2044 sine
645 1989 733 2060 parte
749 1983 850 2047 Deum
866 1990 1022 2047 testamur
1036 1987 1068 2044 et
1085 1997 1192 2059 unum,

281 2135 284 2142 .
340 2076 382 2158 [in
399 2091 460 2151 quo
477 2071 623 2140 Christus
640 2078 740 2140 inest:
758 2081 839 2142 idem
856 2095 979 2156 quoque
994 2080 1103 2154 plenus
1119 2094 1156 2138 ao
1172 2077 1282 2164 uuus]‚

267 2227 270 2233 ,
338 2169 391 2243 oui
407 2169 493 2244 viget
508 2173 540 2229 et
555 2171 658 2246 viguit
673 2189 767 2248 super
782 2175 897 2249 omnia,
915 2173 1030 2248 quique
1045 2171 1166 2248 vigebit

234 2329 236 2336 y
337 2261 517 2336 participem
535 2263 655 2324 nulium
672 2266 795 2328 conlato
812 2266 936 2326 foedere
952 2279 1076 2339 passus.

287 2365 290 2370 ’
340 2352 468 2418 Summa
483 2361 684 2434 potestatum,
704 2359 837 2436 simplex
854 2360 1023 2421 dominatio
1040 2373 1156 2437 rerum,

339 2449 489 2511 virtutum
508 2451 639 2512 suidime
656 2457 760 2528 eaput,
779 2453 849 2513 tons
866 2453 978 2513 urricus
994 2451 1090 2526 oritis,

336 2545 493 2605 naturalis
510 2559 588 2620 apex
605 2548 794 2622 generisque
808 2552 839 2607 et
855 2547 987 2622 originis
1003 2549 1132 2606 auctor:

339 2655 378 2700 ex
394 2630 456 2715 ouo
471 2636 583 2702 cuneta
600 2642 719 2718 fluunt,
737 2647 769 2703 et
784 2643 840 2704 iux
856 2646 887 2703 et
902 2646 1040 2724 tempora
1057 2644 1089 2700 et
1103 2639 1176 2700 anui

238 2757 243 2766 .
276 2749 284 2758 ·
341 2738 372 2795 et
388 2749 549 2809 numerus,
568 2737 621 2811 oui
637 2741 708 2811 post
723 2736 838 2815 aliquid
856 2736 941 2796 dedit
956 2749 1027 2795 esse
1042 2734 1231 2794 seeundum:

341 2842 423 2902 unus
440 2830 522 2889 enim
538 2831 679 2905 princeps
696 2830 817 2891 numeri
834 2832 894 2902 est,
913 2842 971 2888 nee
987 2819 1177 2888 dinumerari

340 2925 462 2983 tantum
479 2909 561 2985 unus
575 2925 657 2998 potis
674 2927 741 3002 est.¹
760 2920 899 2985 Sic-eum
915 2919 1010 2984 Pater
1026 2937 1062 2982 ae
1076 2918 1162 2983 Deus
1178 2915 1258 2981 alter
1285 2911 1289 2918 ’

342 3032 403 3078 uon
420 3018 473 3094 sit,
491 3020 565 3078 item
580 3010 730 3079 Christus
747 3033 807 3079 non
824 3019 867 3078 ε1ι
879 3019 1024 3100 genitore
1043 3016 1218 3078 secundus:

342 3112 482 3172 anterior
498 3127 626 3174 numero
643 3117 703 3190 est,
722 3113 773 3175 oui
789 3113 873 3175 iilius
891 3114 1002 3174 unicus
1017 3111 1072 3178 uni
1089 3114 1149 3171 est.

257 3215 289 3263 ao
339 3199 397 3265 iiie
412 3204 497 3267 Deus
514 3207 687 3282 meritoque
702 3197 891 3283 Deus‚'quta
907 3207 1027 3282 primus
1043 3209 1075 3266 et
1090 3218 1185 3278 unus,

327 3411 369 3461 11.
387 3418 454 3462 sunt
466 3411 487 3461 R
500 3429 518 3461 α
531 3428 582 3462 aim
597 3429 612 3461 n
627 3413 687 3463 nid.
703 3412 784 3476 Lngd.
799 3410 894 3462 Weitz.
910 3411 997 3462 deins.
1011 3411 1089 3462 Arar.
1105 3410 1187 3474 0bb.,
1206 3408 1296 3460 sintii
1314 3407 1386 3460 siet.

257 3485 310 3528 tres
322 3478 399 3530 Fabr.
415 3480 470 3531 Gis.
486 3482 561 3530 dior.
577 3480 659 3532 Poett.
675 3484 771 3531 Amstr.
786 3480 852 3530 Ceti.
1012 3481 1052 3530 14.
1074 3481 1228 3544 effinxerat
1240 3477 1300 3528 nat.

293 3549 335 3599 11.
350 3555 475 3600 constare
489 3551 613 3614 diformis
626 3551 645 3600 B
659 3551 701 3616 (ad
715 3550 798 3614 oram)
811 3548 844 3600 W
859 3565 937 3616 supra
948 3564 1037 3613 margo
1051 3550 1126 3600 trium
1141 3547 1212 3598 stet.
1295 3546 1336 3604 18.
1352 3547 1392 3596 At

259 3617 315 3665 1111.
423 3645 426 3651 1
456 3619 498 3668 20.
518 3633 611 3668 rerum
624 3619 688 3670 deus
701 3625 744 3669 ast
755 3626 854 3684 transp.
868 3635 894 3668 α.
1023 3679 1026 3686 Δ
1048 3618 1091 3668 21.
1105 3618 1145 3668 At
1156 3617 1234 3666 Arev.
1250 3615 1388 3678 mendos03

258 3687 324 3750 puio
338 3683 414 3736 dre
427 3683 485 3737 Rat.
500 3703 518 3735 α
530 3702 617 3752 margo
631 3688 708 3738 trium
721 3687 807 3750 Sion,
835 3690 884 3753 qui
898 3689 908 3736 l
922 3685 979 3736 11111.
997 3685 1071 3748 dis.,·
1094 3701 1199 3734 samma
1212 3684 1231 3733 B
1246 3684 1285 3732 1α
1300 3681 1388 3734 tisino.

258 3752 325 3801 deti.
445 3751 491 3804 '22
511 3771 594 3806 unum
609 3771 686 3822 supra
705 3757 808 3807 instem
821 3771 862 3819 tn,
881 3771 959 3804 aram
973 3755 1047 3820 Prag.
1062 3754 1120 3804 11111.
1134 3752 1230 3803 Weitz.
1246 3753 1307 3816 (non
1323 3753 1341 3802 Β
1356 3751 1391 3802 W

258 3820 357 3885 snpra).
491 3824 534 3873 24.
549 3825 657 3875 Iudicat
670 3826 695 3875 in
706 3840 787 3888 marg.
801 3824 921 3874 vindieat
934 3839 958 3886 a,
979 3823 1005 3872 V
1005 3824 1114 3874 audient
1126 3821 1223 3872 Waitz.
1239 3825 1300 3880 (non
1313 3822 1354 3884 B).

329 3890 371 3940 29.
391 3897 420 3941 at
431 3890 500 3941 siet.
512 3900 565 3942 tres
578 3893 654 3943 Fabr.
669 3893 724 3945 Gis.
740 3895 816 3943 Cher.
833 3891 917 3942 Poett.
928 3891 1024 3942 Amstr.
1039 3891 1104 3942 coit.
1118 3890 1184 3941 ott.
1198 3890 1289 3940 invitis
1301 3890 1391 3958 codd.;

259 3962 355 4024 quippe
367 3958 425 4010 nid.
444 3959 524 4024 Lugd.
676 3963 717 4012 31.
737 3962 855 4027 εἱνιιρῖεω
867 3976 944 4027 snpra
956 3961 1060 4026 lpater
1073 3965 1114 4010 est
1125 3975 1156 4022 a,
1179 3965 1262 4024 pater
1274 3965 1318 4009 est
1329 3959 1350 4008 E
1363 3960 1392 4010 in

258 4041 338 4090 marg.
360 4044 404 4094 pro
424 4029 475 4079 div.
500 4031 559 4079 ieet.
582 4028 636 4082 rut.
659 4032 783 4096 probante
802 4030 907 4095 Heius,
938 4030 1050 4080 Summa
1068 4033 1241 4096 potestatum
1259 4029 1391 4092 simplex,
1498 4043 1499 4050 ¹

259 4095 408 4148 dominatio
422 4113 514 4148 rerum
527 4097 630 4164 distiug.
646 4101 723 4150 Arev.
842 4099 884 4149 33.
905 4115 956 4166 que
968 4091 1090 4148 om.'iiat.
1208 4097 1251 4147 34,
1266 4101 1392 4163 ternpore

260 4170 361 4217 orinia.
493 4169 536 4219 36.
550 4166 882 4219 denromoran'aimGis.
948 4179 952 4186 ·
1017 4167 1061 4236 39„
1081 4167 1394 4217 Arotera‘ornumeroest

259 4249 334 4299 snpra
347 4237 359 4286 t
370 4237 429 4286 Aet
440 4252 551 4287 numero
563 4241 686 4287 anterior
698 4254 739 4300 nr,
757 4238 815 4288 Aut
827 4251 939 4287 numero
952 4240 1076 4287 anterior
1089 4235 1146 4286 Rat.
1160 4236 1255 4298 Aram,
1270 4235 1394 4286 Interior

260 4319 372 4355 nurnero
385 4311 428 4355 eei
438 4321 465 4370 a,
482 4307 614 4357 Anterior
626 4321 679 4357 non
690 4322 735 4357 aro
751 4305 797 4354 la.
