3054 4820
167 319 295 374 cuent.
330 321 374 373 llll
388 319 565 372 CODlClBUS
581 318 653 372 MSS.
669 317 713 374 ΕΤ
726 317 1143 374 uutrtutttuttsrnttuurtrtt.
1224 327 1274 369 tttt

139 489 197 552 sibi
213 491 254 554 sit
268 501 357 575 atque
372 488 589 574 antiquissimis
606 489 756 574 exemplis
772 491 975 574 comprobata.
1007 491 1103 575 Saepe
1119 491 1276 558 confundit

139 582 242 646 deum
253 605 288 666 p.

226 678 299 741 Cod.
320 676 424 742 Alete.
447 683 527 742 1439
544 677 669 742 membr.
689 700 751 742 sec.
770 677 827 742 ΧΠ
844 689 988 742 exaratus
1004 691 1124 762 praeter
1139 680 1272 746 Pruden-

140 771 173 834 tii
184 771 450 856 psychomachiam
467 779 503 836 19
522 773 585 836 loll.
604 773 767 837 octonariis
780 773 954 856 inscriptam
970 775 1105 838 continet
1117 775 1273 843 Ciceronis

141 865 192 930 lib.
219 867 256 930 de
286 867 418 932 amicitia
446 878 478 934 et
497 868 643 933 Macrobii
668 869 866 953 expositionis
889 871 920 934 iu
949 872 1097 934 somnium
1125 870 1275 956 Scipionis

139 959 232 1024 libros
248 960 286 1023 ll.
312 961 388 1024 Erat
405 963 474 1028 olim
490 962 559 1028 Nic.
578 962 712 1042 Heinsii‚
736 965 820 1028 cuius
837 984 946 1030 nomen
961 965 993 1026 iu
1008 964 1143 1029 inferiori
1159 969 1273 1050 primae

138 1054 267 1139 paginae
283 1056 419 1141 margine
436 1070 569 1126 notatum
584 1060 729 1124 cernitur.
755 1058 931 1143 inscriptio:
956 1058 1090 1124 Aurelii
1105 1061 1272 1126 Clementis

139 1148 240 1214 Liber
254 1150 423 1218 Prudeum'i
436 1154 631 1220 Sicomccltie
648 1158 771 1241 incipit.
797 1156 828 1218 ln
844 1157 920 1218 line:
938 1156 1087 1241 Emplicit
1101 1159 1193 1221 liber.

349 1247 502 1314 Aurelius
513 1249 654 1332 prudeus
670 1251 818 1312 uirtutum
828 1250 957 1334 proelia
974 1252 1106 1317 clemens·

351 1337 425 1402 Cum
442 1343 531 1403 cleiis
545 1344 628 1425 cepit
644 1343 772 1403 irretricu
788 1343 974 1406 scolasticus
989 1354 1069 1407 urle.

134 1434 228 1498 Tituli
252 1435 332 1520 sing.
359 1435 609 1520 Psychomachiae
633 1437 817 1502 sectionibus
841 1439 949 1504 desunt
971 1451 1097 1522 excepto
1120 1440 1198 1519 isto,
1222 1442 1271 1525 qui

136 1549 166 1590 v.
188 1535 227 1592 20
252 1529 462 1612 subsequitur:
486 1531 581 1596 Fides
597 1542 727 1618 pergerat
741 1543 852 1598 contra
875 1544 1009 1596 ueterum
1033 1536 1198 1598 cultrarium.
1239 1534 1272 1598 ln

136 1621 223 1684 cuins
239 1620 357 1706 quidem
373 1644 444 1686 mss.
465 1623 615 1688 scribendi
631 1625 748 1690 ratione
764 1625 990 1692 observavimus
1007 1629 1150 1692 nonnulla
1167 1639 1270 1693 notatu

135 1716 239 1799 digna,
257 1738 314 1799 quo
330 1719 458 1797 releras,
477 1728 509 1783 ut
524 1743 551 1781 m
568 1721 628 1784 litt.
647 1722 710 1785 fere
727 1743 877 1806 nunquam
893 1721 1066 1786 inveniatur
1087 1723 1118 1786 in
1142 1724 1271 1788 vocabu·

136 1812 235 1876 lurum
245 1811 390 1892 clausula,
408 1836 473 1878 enm
485 1815 513 1878 ei
523 1816 722 1883 substituatur
737 1817 794 1882 litt.
806 1842 837 1892 u.
855 1819 963 1882 Manus
978 1817 1095 1882 librarii
1108 1821 1268 1902 sequioris,

134 1905 189 1970 sed
212 1907 397 1972 hauddubie
420 1930 480 1974 sec.
503 1910 595 1990 Xlli,
625 1933 682 1974 uon
710 1914 812 1976 eadem
836 1913 988 1996 proiecto,
1020 1935 1095 1996 qune
1124 1916 1216 1998 prima
1239 1915 1269 1980 in

135 2001 370 2085 paginaHeinsii
386 2023 494 2068 numen
511 2008 649 2089 apposuit
665 2011 740 2090 (see.
751 2005 866 2086 XVII),
885 2005 1031 2072 utiArev.
1051 2006 1268 2087 halueeiuatur,

133 2093 195 2158 alia
211 2094 392 2158 eiuscemodi
407 2095 498 2164 multa
513 2099 645 2162 rudendo
662 2101 799 2164 semovit.
821 2099 947 2184 Aliquae
961 2111 1122 2164 occurrunt
1137 2101 1267 2186 glossae.

133 2192 234 2256 Bonas
249 2191 448 2276 suppeditavit
464 2192 620 2260 lectiones.

224 2285 297 2346 Cod.
318 2285 418 2350 Alex.
438 2292 476 2349 58
494 2288 618 2350 membr.
636 2309 697 2352 suo.
717 2288 788 2352 Xlll
805 2288 1037 2372 psychomachia
1059 2300 1089 2351 et
1105 2288 1267 2370 praemissa

133 2383 228 2466 prael.
249 2381 379 2444 omnium
394 2382 548 2445 Prudentii
566 2406 632 2468 opp.
653 2385 738 2469 primi
752 2385 784 2446 X
797 2384 898 2470 hymni
914 2383 981 2448 libri
995 2383 1080 2446 Cath.
1098 2382 1128 2445 in
1148 2390 1185 2446 38
1203 2382 1266 2446 foll.

132 2474 298 2539 octonariis
324 2473 442 2538 exarati
465 2475 581 2540 insunt.
615 2476 757 2538 Continet
780 2497 897 2560 quoque
922 2486 1079 2540 tractatum
1104 2477 1140 2538 de
1163 2475 1268 2538 ordine

132 2572 227 2637 officii
250 2571 445 2636 ecclesiastici
469 2581 499 2636 et
521 2583 665 2656 excerpta
688 2593 727 2636 ex
748 2572 836 2656 epist.
855 2572 969 2636 decret.
986 2572 1171 2656 quorundam
1187 2591 1268 2632 sum-

131 2687 249 2732 morum
275 2667 456 2750 pontificum.
491 2665 534 2728 Ac
557 2666 768 2730 Prudentianis
784 2667 902 2750 quidem
926 2665 1033 2728 desunt
1057 2665 1268 2748 inscriptiones

131 2761 361 2843 litterarumque
385 2770 579 2837 ornamenta,
606 2759 632 2822 si
655 2759 840 2842 singularum
867 2757 1117 2843 Psychomachiuc
1140 2759 1267 2842 partium

130 2867 164 2918 et
181 2857 358 2940 hymnorum
374 2853 505 2917 initiales
518 2854 652 2938 excipias
665 2866 716 2918 aut
732 2855 823 2918 rubro
837 2866 887 2917 aut
903 2856 995 2918 minin
1009 2855 1147 2919 cacruleo
1160 2855 1264 2938 pictas.

130 2952 200 3016 Non
218 2951 316 3016 ubivis
333 2951 434 3014 eadem
458 2973 524 3016 cum
540 2943 702 3036 'diligentia
724 2952 910 3036 conscriptus
927 2962 990 3032 est,
1017 2951 1058 3013 ita
1075 2961 1107 3013 ut
1124 2951 1268 3034 largiatur

131 3066 218 3108 varr.
244 3045 324 3107 lectt.
351 3055 381 3106 et
404 3055 561 3129 corruptas
583 3056 614 3108 et
635 3043 773 3128 optimas.
823 3045 946 3108 Glossae
969 3055 995 3106 et
1020 3043 1133 3106 scholia
1156 3044 1265 3128 passim

131 3139 324 3222 irrepserunt
340 3139 369 3200 iu
390 3137 486 3222 ipsum
504 3150 631 3204 textum.
655 3137 762 3204 Manus
785 3137 967 3224 corrigentis
986 3137 1074 3200 obvia
1092 3139 1152 3199 lere
1170 3138 1266 3202 ubivis

130 3243 180 3294 est
194 3231 330 3309 librarii,
356 3231 404 3316 qui
427 3231 605 3316 scripturam
622 3253 707 3295 suam
723 3232 845 3296 adtente
861 3233 1007 3316 relegisse
1023 3231 1149 3292 videtur.
1188 3231 1267 3294 Scri-

131 3325 221 3389 bendi
244 3327 323 3390 ratio
344 3347 489 3409 perquam
511 3326 617 3392 similis
640 3327 738 3405 illius,
766 3327 801 3392 de
817 3349 871 3411 qua
896 3324 1118 3389 inccdhlex.
1139 3325 1266 3387 321dc-
1336 3345 1339 3350 ·

129 3420 292 3486 scribendo
308 3420 449 3484 diximus.

219 3526 294 3590 Cod.
321 3524 423 3591 Alcu.
451 3535 490 3591 74
522 3527 647 3593 membr.
679 3549 740 3593 see.
775 3525 846 3590 Xlll
876 3525 908 3588 in
939 3525 1001 3586 l'oll.
1034 3528 1072 3586 66
1103 3524 1266 3588 octonariis

130 3620 256 3707 praebet
273 3619 344 3684 libb.
363 3619 450 3683 Ceth.
469 3631 498 3682 et
514 3621 623 3686 Perist.
649 3642 708 3685 uon
731 3620 879 3701 integras.
913 3617 945 3682 ln
962 3616 1013 3681 lib.
1040 3616 1126 3680 Cath.
1152 3616 1266 3682 deside·

129 3725 240 3780 rantur
255 3712 357 3798 hymn.
374 3715 432 3788 Xt,
448 3714 520 3779 ΧΠ.
546 3716 625 3781 Ordo
642 3715 806 3779 carminum
824 3713 876 3776 lib.
889 3711 998 3777 Perist.
1016 3710 1113 3792 idem',
1131 3711 1180 3796 qui
1197 3710 1263 3773 cod.

129 3809 200 3873 Vat.
221 3813 325 3886 38593
349 3808 471 3872 ultimus
488 3819 587 3872 tamen
601 3818 649 3872 est
665 3831 696 3872 v.
717 3811 771 3870 tot
798 3805 948 3890 passionis
963 3805 1100 3868 Romani.
1132 3806 1175 3867 Ac
1190 3803 1264 3868 Are·

129 3905 220 3970 valus
244 3902 311 3967 lidei
334 3903 469 3968 incertae
497 3915 586 3988 atque
616 3902 754 3987 ancipitis
778 3911 921 3986 patronus
945 3901 977 3964 in
1001 3898 1186 3962 recensendo
1211 3897 1265 3961 hoc

129 4000 236 4064 codice
259 3996 342 4081 pluru
366 3997 488 4083 scripsit
510 3998 632 4063 omnino
654 3999 728 4062 falsa
745 4005 834 4079 atque
856 3996 943 4074 ficta,
968 4015 1043 4079 quae
1059 4014 1114 4058 sno
1130 3994 1196 4057 loco
1212 4013 1267 4056 ex-

129 4097 298 4182 pediemus.
323 4095 454 4160 Nimium
470 4097 577 4181 qnippe
589 4094 767 4159 incommodi
780 4093 832 4157 isti
847 4091 962 4178 peperit
970 4101 1112 4156 exaratus
1127 4089 1159 4156 in
1174 4110 1266 4154 mem·

129 4192 226 4254 brana
249 4187 350 4272 putida
373 4211 409 4254 ac
431 4190 564 4254 sordida.
603 4187 648 4252 Ac
667 4187 882 4270 inscriptiones
906 4183 998 4251 minio
1020 4182 1111 4248 rubro
1127 4183 1222 4266 pictae
1237 4193 1267 4247 et

129 4287 323 4370 negligenter
344 4284 527 4350 exhibentur
548 4297 579 4348 et
600 4285 789 4352 omittuntur.
828 4283 982 4348 Scribendi
1006 4279 1083 4343 ratio
1102 4279 1221 4362 antiqua
1236 4289 1267 4342 et
