3046 4830
636 263 712 318 AUR.
728 261 911 318 ruuntnrn
924 263 1026 317 etun.

515 456 636 516 secreta
652 453 764 514 urentis
779 453 914 529 prodita.

557 546 623 612 Fur
637 553 710 610 aute
725 548 827 608 luceru
843 545 984 624 squanuo

516 646 632 721 inpune
647 646 756 720 peoeat
770 646 922 718 tempore,

517 740 572 801 set
588 739 644 800 lun
660 739 739 800 dolis
755 736 915 799 contraria

515 833 613 896 tatere
628 833 749 894 turturu
767 845 829 892 non
845 829 932 892 stntt.

560 925 697 990 Versuta
713 927 801 988 trans
818 929 849 986 et
868 922 978 986 callida

517 1026 601 1084 eruat
616 1021 754 1084 tenebris
770 1019 886 1096 obtegi,

516 1123 682 1196 aptamque
697 1122 820 1180 noeteru
836 1115 981 1190 turpibus

516 1215 639 1278 adulter
654 1216 796 1278 occultus
813 1213 908 1286 fovet.

559 1307 613 1372 Sol
629 1324 700 1372 eece
717 1307 820 1383 surgit
835 1306 960 1382 igneus,

517 1407 612 1484 ptget,
630 1405 784 1482 pudescit,
802 1401 951 1479 paenitet,

515 1517 572 1564 neo
587 1505 668 1563 teste
683 1501 847 1578 quisquan
864 1495 982 1558 lumine

516 1596 844 1681 peecarejconstauter
859 1595 972 1669 potest.

560 1689 640 1774 Quls
657 1707 747 1754 mane
763 1690 897 1765 sumptis
913 1686 1057 1762 nequiter

517 1800 579 1847 non
595 1785 752 1846 erubescit
765 1783 900 1861 poculis,

517 1894 589 1941 eune
605 1880 641 1940 ut
655 1877 750 1941 libido
764 1883 941 1954 temperans

518 1980 702 2052 castumque
718 1975 853 2049 nugator
869 1970 971 2049 sapit?

558 2070 665 2150 Nune,
684 2086 767 2136 nuno
784 2081 926 2131 severum
943 2065 1073 2144 vivitur,

518 2182 602 2229 nunc
617 2181 706 2228 uerno
722 2167 855 2241 temptat
869 2158 1037 2237 ludicrum,

515 2261 618 2338 tuapte
634 2276 718 2332 nuno
733 2271 841 2320 omnes
857 2269 915 2316 sua
937 2261 938 2268 ’

516 2355 607 2417 vultu
623 2354 765 2426 colorant
780 2351 874 2413 serto.

559 2445 645 2508 Haeo
660 2447 738 2510 hora
753 2445 876 2506 eunctis
890 2441 990 2517 utilio,

518 2555 578 2618 qua
595 2542 738 2618 quisque,
757 2538 838 2616 quod
855 2535 969 2612 studet,
987 2541 1088 2613 gerat,

518 2636 619 2712 rutles,
637 2640 777 2712 togatus,
794 2635 912 2711 navita,

519 2729 636 2806 opifex,
655 2733 773 2806 arator,
789 2727 927 2792 instttor.

559 2820 652 2887 Illum
668 2825 802 2887 sorensis
818 2824 930 2903 gloria,
992 2864 995 2877 -

519 2918 601 2981 hune
617 2919 709 2980 triste
724 2921 829 2994 raptet
842 2919 1022 2995 olesstoum,

337 3091 379 3142 21.
392 3093 477 3158 froas
490 3091 511 3144 0
524 3109 550 3143 u.
690 3093 743 3144 31.Ι
753 3096 793 3142 sit
803 3109 827 3160 p.
967 3091 1010 3143 38.
1032 3091 1090 3158 Qua
1102 3093 1215 3156 quiaque
1228 3089 1301 3155 qaod
1315 3097 1399 3156 gerat

267 3160 359 3210 studet
371 3178 397 3211 u.
531 3162 575 3213 40.
595 3163 695 3212 insitor
708 3161 818 3228 B(supra
831 3161 892 3226 alt.)
905 3160 949 3213 W.
1077 3158 1126 3210 Vv.
1140 3159 1183 3210 41.
1197 3159 1241 3208 42.
1260 3161 1398 3226 transponi

266 3229 323 3279 vult
334 3231 412 3280 Arev.
426 3227 480 3280 Non
495 3231 640 3296 assentior3
660 3245 717 3282 nam
730 3231 771 3282 hio
784 3231 875 3314 {ille
889 3231 955 3282 haud
969 3245 1028 3312 raro
1042 3231 1060 3282 i.
1076 3245 1101 3294 q.
1116 3229 1183 3278 alter
1194 3255 1230 3264 —
1241 3228 1319 3281 alter.

320 3402 361 3454 17.
380 3400 448 3468 Fur]
469 3401 557 3455 Ambe.
578 3402 611 3462 11,
620 3403 640 3454 .8
659 3403 689 3452 de
707 3401 769 3453 Cain
783 3410 810 3453 et
852 3403 944 3464 detur,
967 3400 1339 3468 nequeiuriaeonsultossolos
1352 3407 1401 3451 ent

266 3471 346 3524 atet:
358 3469 444 3522 Latro
457 3471 527 3524 diem
545 3473 652 3539 refugit
665 3474 747 3537 queat
758 3475 809 3522 eri-
850 3472 950 3522 iutioes
962 3479 1008 3522 aut
1020 3473 1153 3533 rhetores,
1166 3470 1212 3520 sed
1225 3470 1285 3520 ittos
1299 3483 1399 3534 omnes,

265 3542 345 3590 minis
371 3545 482 3604 testem,
509 3541 594 3592 locem
618 3539 728 3592 adulter
749 3557 810 3592 era·
850 3541 893 3607 qui
914 3540 1024 3606 negotiis
1038 3539 1181 3590 forensibus
1198 3546 1245 3589 eut
1263 3546 1400 3604 quaestum

266 3611 350 3660 uetuit
362 3612 442 3674 queri
452 3609 587 3660 adulteret
594 3615 737 3661 consciam.
751 3609 807 3661 cfr.
851 3617 896 3659 aut
908 3611 1016 3675 gloriam
1035 3609 1177 3660 lucrentur.
1203 3607 1258 3658 err.
1272 3606 1339 3656 infre
1354 3608 1400 3671 41,

268 3677 329 3729 Hor.
344 3693 384 3743 ep.
400 3677 420 3742 t,
437 3678 478 3741 16,
493 3679 536 3728 60.
850 3676 1011 3729 Teuhmenn.
1041 3679 1072 3728 ad
1097 3676 1169 3742 Virg.
1196 3677 1261 3727 Aen.
1288 3676 1309 3739 Ι,
1334 3677 1398 3742 286,

317 3748 361 3798 32.
375 3745 506 3813 nugator]
517 3745 564 3796 Est
575 3743 749 3811 Nebrissensi,
765 3749 807 3813 qut
851 3747 973 3798 Sehilter.
994 3747 1025 3797 de
1038 3747 1095 3798 iere
1107 3761 1209 3812 peregr.
1225 3761 1250 3795 u.
1265 3745 1314 3808 27,
1336 3745 1402 3796 Hei·

266 3832 311 3882 per
323 3823 421 3866 nectem
432 3829 513 3876 nugas
523 3814 617 3877 egebat
628 3823 655 3866 et
666 3816 806 3866 detihebet.
852 3831 922 3867 nece.
946 3815 1034 3882 Antip.
1056 3816 1162 3868 Roman.
1190 3814 1298 3881 append.
1323 3815 1357 3864 ad
1378 3813 1399 3878 1,

265 3884 320 3935 Nou
342 3884 431 3936 ferent
450 3898 476 3932 v.
491 3884 534 3946 24,
548 3881 607 3946 Vn,
621 3883 665 3948 98,
690 3883 731 3935 Ps.
744 3886 806 3949 433,
853 3885 878 3948 6,
894 3886 953 3936 139.

265 3952 348 4004 Lusit.
364 3968 404 4018 ap.
420 3950 486 4002 Nou.
503 3951 522 4015 1,
539 3952 598 4003 153.
902 3954 946 4006 42.
971 3957 1051 4006 triete
1075 3951 1185 4018 raptat]
1212 3950 1268 4004 cfr.
1294 3949 1325 4015 V,
1353 3954 1399 4015 to,

317 4022 359 4072 39.
376 4019 498 4087 togatae]
514 4020 582 4072 Gom
596 4025 810 4086 togateaomen·
852 4021 913 4072 Her.
941 4022 991 4074 0d.
1017 4023 1038 4086 1,
1057 4022 1089 4072 24
1113 4021 1239 4087 tetraque
1261 4022 1403 4072 mameae

266 4106 317 4156 que
329 4089 457 4141 Latinum
477 4104 518 4156 ap.
538 4088 606 4140 Gen.
629 4088 659 4140 Ν.
674 4089 704 4140 Α.
720 4089 739 4154 t,
753 4091 809 4155 2,4
852 4091 996 4144 detestata.
1021 4092 1119 4145 Notene
1138 4097 1240 4157 poetam
1258 4091 1337 4139 Areu.
1353 4106 1402 4156 pn·

265 4159 384 4226 poputum
392 4158 672 4224 Romanumsignifieet,
683 4159 811 4210 bissenae
852 4168 905 4225 tat,
927 4160 1014 4229 plures
1026 4160 1130 4210 viventi
1143 4167 1241 4210 cenum
1254 4175 1334 4222 genus
1347 4175 1401 4210 noe

266 4228 392 4278 strietiori
410 4243 459 4277 non
477 4244 523 4280 eos
541 4227 643 4294 quidem
661 4228 746 4290 eires,
767 4229 810 4293 qui
851 4231 964 4294 eligere,
981 4231 1027 4281 sed
1040 4243 1104 4279 ease
1116 4237 1162 4280 eut
1173 4230 1319 4280 teneritate
1331 4229 1402 4278 arri·

266 4293 374 4346 militiae
388 4311 436 4346 neu
450 4297 548 4350 addicti
560 4305 635 4362 suut,
650 4303 679 4348 ut
692 4294 760 4347 Cell.
773 4297 811 4348 vi·
851 4313 928 4365 perer
955 4300 980 4350 id
998 4299 1067 4350 enim
1087 4314 1145 4350 esse
1165 4303 1271 4364 reptet.
1291 4297 1402 4349 neptun
