3046 4830
523 297 791 352 cnrbnuubtbon
811 299 831 349 1.

377 499 434 548 nos
451 483 605 546 excitator
619 485 769 546 mentium

381 581 442 642 iam
460 575 607 644 Christus
622 579 661 640 au
677 580 772 640 vitam
788 583 890 642 vocat.

420 675 564 752 Auferte,
580 675 704 752 elamat,
722 673 866 752 lectulos,
912 705 914 710 ·

379 787 503 850 aegros,
521 771 663 848 sonores,
682 771 822 848 besides:

377 866 517 940 castique
532 865 611 927 recti
627 863 775 926 aeschrii

375 959 515 1036 vigilate,
532 959 595 1020 iam
611 973 681 1026 suin
695 957 866 1034 ereximus.

416 1053 493 1118 Post
510 1052 585 1116 selis
601 1059 703 1116 crtum
719 1053 832 1130 turgini

377 1166 482 1214 serum
497 1154 546 1212 est
560 1147 661 1212 cubile
678 1163 838 1226 spernere,

376 1247 408 1309 ni
423 1250 511 1323 parte
526 1245 626 1307 nectis
642 1245 746 1308 cunita

379 1343 505 1416 umens*
517 1338 615 1400 labori
631 1338 792 1401 adieceris.

377 1444 380 1453 '
420 1431 495 1498 Vox
509 1434 581 1509 ista,
600 1446 662 1508 qua
677 1435 820 1508 strepunt
835 1446 910 1493 aves

281 1581 284 1588 .
378 1535 498 1592 stantes
514 1529 656 1606 subtusa
671 1528 806 1590 culmine
875 1535 877 1540 ·

376 1614 468 1702 naute
484 1629 555 1686 ante
571 1637 668 1700 quam*
678 1624 736 1686 lux
752 1623 875 1700 emicet,

375 1718 476 1781 nestri
492 1720 593 1796 figura
608 1721 657 1780 est
671 1719 795 1780 tunicis.

419 1811 535 1874 Tectae
550 1811 689 1874 tenebris
703 1811 838 1892 borneis

379 1906 550 1980 stratisque
565 1909 690 1981 operies
706 1905 855 1981 segnibus

377 2002 488 2063 suadet
502 2001 638 2076 quietem
653 2000 795 2086 linquere
848 2037 850 2040 -

375 2096 577 2172 iamiamque
593 2099 726 2159 venturo
742 2096 809 2158 die:

418 2187 471 2268 Ut,
490 2206 560 2258 cum
576 2192 716 2254 coruscis
732 2192 857 2254 nantas
895 2270 898 2275 ,

376 2300 490 2349 eurora
505 2287 625 2348 eaelum
641 2286 802 2364 sparserit,
894 2282 895 2288 ’

170 2495 172 2500 .
194 2459 220 2507 i.
242 2457 377 2524 casteque
392 2464 465 2509 recte
484 2476 516 2510 ac
532 2461 622 2510 sobrie
635 2456 686 2508 Wi
706 2459 745 2522 (in
758 2473 805 2524 quo
821 2458 892 2524 vulg.
907 2458 1000 2526 supra)
1011 2457 1086 2510 Geid.
1101 2459 1177 2524 Prng.
1193 2460 1252 2511 liat.

123 2525 224 2577 Weitz.
238 2524 414 2592 (1111111111).
490 2529 562 2578 '1:3.
581 2527 691 2590 Νοωιις
715 2527 811 2594 illcp3
837 2533 1001 2594 1111111111.Ι
1058 2537 1061 2542 ·
1118 2529 1159 2579 15.
1178 2529 1254 2580 Nona

122 2601 273 2662 antequam
285 2612 316 2662 p,
335 2596 420 2647 Paeto
434 2602 580 2663 antequam
592 2599 771 2662 superemicet
781 2611 808 2645 n.
945 2597 986 2647 16.
1008 2596 1103 2649 Vestri
1114 2615 1143 2662 n,
1156 2601 1254 2664 forma

123 2671 167 2715 ert
177 2663 276 2714 iudicis
288 2680 314 2730 p.
472 2666 513 2717 19.
533 2667 628 2716 Monet
637 2679 662 2732 n.
801 2665 845 2715 20.
865 2672 1010 2718 venturum
1023 2668 1095 2718 diem
1109 2683 1132 2718 o.

122 2735 167 2784 bt.
179 2733 296 2800 fletibus
309 2732 376 2784 coni.
390 2732 491 2799 Chem,
505 2735 549 2785 sed
563 2735 611 2788 cir.
625 2733 652 2784 S.
670 2733 690 2785 1.
705 2733 789 2801 praei.
804 2734 846 2784 86.

123 2887 162 2938 De
186 2885 274 2950 gallo,
301 2902 349 2952 quc
375 2883 506 2938 Christum
531 2887 669 2953 significat,
711 2887 852 2938 excutiunt.
872 2883 958 2952 Quare
971 2887 1097 2940 Vocistc
1112 2904 1160 2939 non
1173 2889 1255 2940 solum

122 2955 246 3023 graphice
278 2971 308 3006 ac
332 2963 440 3006 venuste
463 2956 554 3007 scribit
578 2957 667 3008 Ambr.
710 2956 782 3022 gatii,
798 2957 842 3006 sed
855 2955 994 3023 interprete
1004 2955 1168 3010 Nebrissensi
1178 2959 1255 3010 etiam

122 3025 248 3076 1111111111.
267 3022 299 3087 V,
313 3023 352 3075 '24
376 3031 402 3074 et
421 3025 506 3094 hymn.
528 3027 559 3076 ad
579 3025 669 3078 laudes
711 3033 855 3078 ceterarum
868 3025 951 3076 avium
963 3028 1257 3079 sublneemcaniiscen-

122 3095 284 3144 dominicae:
304 3093 421 3144 Aeternc
438 3110 530 3145 rerem
544 3095 670 3146 conditor
710 3096 772 3162 tium
788 3096 831 3146 vix
845 3109 901 3144 esse
914 3103 1007 3163 potest.
1039 3097 1100 3148 silas
1117 3097 1182 3147 alias
1195 3113 1256 3163 qun-

122 3161 215 3228 [Fehr.
230 3169 297 3228 poet.
314 3163 377 3213 eccl.
391 3179 415 3228 p.
427 3161 499 3230 7851.
516 3161 570 3216 eb.
586 3161 667 3216 Clem.
711 3181 759 3230 que
773 3169 834 3216 eves
846 3173 967 3216 excutere
980 3165 1023 3215 vix
1044 3182 1130 3217 somno
1146 3167 1272 3230 solutas,

122 3232 201 3283 Alex.
224 3229 368 3295 Paedcgcg.
385 3230 430 3296 111,
450 3231 492 3296 11,
515 3250 539 3300 p.
554 3233 604 3286 289
626 3233 666 3284 ed.
710 3234 756 3300 sed¹
769 3233 865 3298 absque
878 3241 963 3298 cantu,
979 3235 1045 3285 haud
1059 3236 1173 3298 ignotum
1188 3242 1237 3285 est.

121 3299 209 3363 Pete,
238 3297 343 3352 Mintcr
367 3299 516 3353 Siunhiider
533 3301 553 3368 1,
578 3319 603 3369 p.
624 3303 668 3362 55,
750 3302 808 3352 ·14.
827 3301 951 3369 culmine]
966 3301 1110 3366 Virg.Aen.
1125 3303 1194 3366 VIII,
1205 3305 1255 3354 tab

120 3369 248 3434 Augusti:
278 3367 479 3432 Denlrwiirdigk.
508 3371 554 3422 der
578 3371 670 3423 christ·
701 3367 1256 3440 111111111111111111111111,1111111111

120 3439 207 3489 lichen
217 3435 412 3503 Archaeoicgie,
421 3435 563 3503 Tom.XIl,
573 3457 597 3506 p.
607 3441 668 3491 360.
713 3445 810 3494 cantus¹
823 3441 882 3489 ante
895 3440 983 3490 oculos
997 3438 1095 3491 hahuit.
1112 3440 1167 3491 Cir.
1176 3439 1253 3492 Mart.

122 3509 207 3560 Huius
220 3508 308 3573 hymni
321 3523 380 3574 pars
394 3507 459 3558 11111
472 3508 517 3561 ill.
533 3511 564 3560 ad
578 3509 669 3560 landes
712 3507 757 3572 lV,
769 3509 812 3572 64,
828 3509 859 3558 10
882 3508 972 3559 Celsae
991 3510 1107 3560 cuimine
1122 3509 1256 3561 delicatae

121 3577 266 3628 abituris
280 3577 354 3628 brer.
368 3575 440 3626 Rom.
493 3591 495 3597 ⁴
672 3595 675 3605 ·
711 3578 807 3639 vittae,
826 3575 867 3626 Fi.
889 3574 1054 3628 Merobaudis
1072 3593 1152 3630 earm.
1172 3579 1254 3645 reiqq.

174 3647 199 3696 1.
215 3645 287 3710 Ales]
297 3645 402 3710 getius,
412 3649 461 3711 qui
468 3645 539 3696 diem
548 3645 670 3697 canende
712 3647 764 3708 (et.
787 3643 925 3710 Niebuhr.)
947 3645 979 3711 11,
999 3648 1015 3698 9
1038 3649 1163 3700 culmina
1186 3651 1256 3700 11111

120 3714 290 3776 adnunciat,
318 3715 458 3766 Christum
480 3718 669 3766 convenienter
712 3719 786 3765 tenet
796 3719 870 3765 socie
883 3731 944 3764 cum
957 3713 1070 3782 coniuge
1078 3722 1214 3784 princeps.

121 3783 266 3848 designat,
291 3785 342 3848 qui
355 3789 454 3834 mentes
477 3785 616 3834 hominum
635 3785 668 3834 ah
765 3783 937 3850 theutes]
958 3791 1007 3850 qui
1022 3787 1153 3838 similiter
1165 3794 1258 3838 menet

119 3853 298 3916 infidelitatis
319 3867 412 3903 errore
430 3869 559 3902 rccoccrrr
577 3852 620 3903 cd·
631 3856 669 3903 ct·
712 3867 762 3904 nes
774 3868 791 3902 c
804 3855 879 3903 uitiis
890 3867 1004 3920 surgere
1016 3856 1051 3919 gi.
1066 3860 1091 3906 a.

120 3927 176 3972 tam
191 3922 604 3988 acrachelcecmeoecitctgi.
620 3936 647 3972 a.
763 3922 807 3972 21.
831 3922 961 3990 flatibus]
994 3923 1111 3975 Fiatihus
1139 3925 1257 3976 coruscis

174 3991 217 4041 10.
236 3987 340 4056 seram]
352 3991 415 4040 hinc
424 3991 535 4057 quidam
546 3991 669 4057 infelices
712 3991 811 4041 eaelum
822 3991 922 4056 spargit
932 4007 1036 4057 aurora,
1052 3994 1152 4060 qnando
1161 3994 1256 4044 1111111

120 4060 204 4122 eceli,
219 4063 268 4126 qut
279 4059 362 4110 sotem
372 4075 425 4128 nen
434 4065 669 4125 cernuntsergen-
711 4060 830 4110 mnndum
844 4060 936 4130 ubique
956 4062 1059 4130 implet3
1081 4067 1157 4113 ssatus
1170 4069 1255 4112 autem

122 4128 268 4192 terrigia.
389 4131 391 4136 '
559 4173 561 4180 .
597 4133 599 4138 '
712 4129 1058 4196 criseethalitusspirantis.
1074 4131 1128 4181 Cic.
1141 4131 1255 4182 inAretc

172 4198 215 4248 13.
232 4197 362 4263 streperet
372 4196 446 4264 cres]
465 4197 669 4250 (1111111111111
712 4199 743 4247 de
762 4197 832 4262 Cane
853 4199 956 4250 sidere:
983 4201 1136 4265 Aestiferae
1160 4200 1255 4252 catice

121 4265 196 4334 Prcp.
213 4265 233 4329 1,
250 4267 291 4326 16,
303 4268 347 4326 45,
360 4265 433 4332 Virg.
444 4268 507 4318 Aen.
524 4264 667 4330 11111456.
712 4271 831 4334 erumpit
837 4269 956 4334 flatibus
967 4273 1055 4334 ignes.
1077 4295 1079 4309 v

120 4335 271 4402 Strepuni,
298 4335 358 4401 quia
382 4335 445 4401 getii
463 4335 592 4387 cantaturi
614 4337 670 4386 aias
722 4343 724 4354 '
763 4337 807 4388 22.
825 4337 940 4403 curcrc]
954 4337 1167 4401 dieriudicir'gt.
1182 4353 1208 4388 a.
