3020 4832
639 303 713 354 utin.
728 299 911 354 rudunnru
925 299 1026 352 CLEM.

600 905 1085 1039 munumentum.

729 1235 959 1300 PRAEFATIO.

532 1403 654 1469 Fratres
671 1405 775 1490 ephebi
791 1409 891 1470 fossor
906 1421 937 1472 et
951 1418 1055 1492 postor
1071 1408 1142 1481 dno,

436 1519 522 1582 nuos
539 1499 712 1562 teminorum
730 1500 826 1583 prima
841 1501 954 1586 primos
970 1513 1120 1586 procreat,

447 1594 557 1657 sistunt
571 1595 608 1656 ed
624 1613 706 1656 erem
722 1593 758 1656 de
775 1595 910 1660 laborum
927 1595 1071 1658 fructibus

447 1685 503 1747 deo
518 1684 663 1748 sacranda
681 1707 837 1749 munerum
853 1688 1034 1772 primordiae

448 1783 496 1844 bic
512 1783 699 1860 terrulentis,
717 1782 768 1846 iile
784 1784 863 1847 vivis
880 1785 1023 1868 iungitur.

447 1875 589 1939 Certeutc
604 1887 676 1939 voto
692 1877 896 1963 discrepantes
912 1880 1068 1958 inmolant,

446 1967 540 2037 seium
555 1973 681 2035 bidentis
697 1975 785 2054 niter,
804 1987 851 2040 est
865 1976 942 2039 niter
957 1975 1084 2040 scrobis.

349 2127 475 2179 iuscribb.
498 2128 583 2193 incip.
602 2129 794 2195 Amartegem‘a
809 2131 878 2181 liber
891 2148 924 2191 α,
944 2131 1046 2196 Incipit
1065 2130 1099 2180 lb.
1116 2144 1186 2178 unns
1199 2127 1412 2192 Admartigeuia

282 2212 313 2256 n,
329 2195 430 2260 Incipit
441 2198 632 2263 Amurtr'genin
646 2197 676 2247 id
694 2199 752 2248 cate
765 2203 870 2264 origine
878 2206 1055 2266 peccatorum
1071 2197 1129 2249 Rei.
1144 2213 1177 2259 m,
1193 2198 1265 2248 deest
1277 2199 1410 2263 inscriptio

281 2281 311 2330 q,
334 2265 432 2332 Incipit
447 2267 582 2331 prologus
600 2266 733 2317 adirersus
753 2267 934 2318 Marcionitas
954 2285 978 2318 n.
1007 2267 1166 2332 Tbcodoipb.
1186 2265 1251 2316 Aur.
1271 2267 1302 2316 de
1323 2273 1410 2316 sancto

237 2341 251 2364 ‘
281 2334 374 2400 spiritu
389 2334 408 2397 Ι,
422 2337 454 2387 46
469 2341 563 2386 contra
577 2335 759 2385 Marcionitas
773 2338 819 2386 boc
832 2353 934 2387 eurmeu
949 2337 1045 2387 ioudnt.

352 2403 375 2454 1.
395 2406 471 2470 esybi
484 2401 503 2453 E
518 2403 574 2453 sim.
590 2405 627 2466 Α,
648 2406 762 2469 eptaebi
773 2403 806 2454 W
820 2403 934 2469 Wcitz.,
954 2407 1060 2470 Eptobi
1071 2419 1104 2454 ιιι.
1229 2402 1254 2452 2.
1266 2407 1410 2470 proximos
1504 2443 1505 2460 i

280 2487 357 2538 supro
368 2476 472 2536 primos
488 2471 574 2535 prag„
592 2477 734 2537 prouimos
748 2480 826 2524 creat
838 2489 914 2539 supro
932 2475 947 2526 t
956 2479 1063 2541 primos
1074 2489 1125 2538 pro
1138 2487 1171 2522 nr.
1278 2475 1304 2522 4.
1320 2489 1410 2522 nunec-

280 2557 379 2607 rumq.
485 2542 510 2590 5.
527 2541 552 2590 in
567 2541 614 2590 boc
628 2556 704 2591 versu
718 2543 814 2592 desinit
828 2545 884 2594 cod.
900 2559 924 2610 q.
1031 2541 1156 2592 bestii.
1504 2547 1505 2566 t

332 2677 412 2741 Sunt,
432 2677 474 2745 qui
489 2677 594 2728 Heinsio
615 2687 720 2728 anctore
737 2695 768 2729 ex
782 2695 824 2728 ar·
865 2680 1006 2747 superflua
1026 2694 1148 2745 quaeque
1166 2684 1195 2728 ct
1213 2679 1305 2728 minus
1324 2693 1411 2727 neees-

281 2754 400 2809 gnmento
419 2755 446 2798 ct
461 2747 532 2796 codd.
549 2747 760 2814 inscriptionibus
774 2747 825 2798 iio-
865 2752 941 2799 saria
956 2752 1137 2812 congregaret
1149 2747 1183 2811 gi.
1200 2761 1224 2796 u.

280 2814 458 2878 mertipeoiam
470 2817 823 2882 Apotheoseospnrtemesse
919 2817 943 2866 i.
973 2813 1101 2884 bidentis]
1127 2821 1183 2866 ouis
1208 2814 1255 2865 iso.
1282 2812 1332 2864 Sed
1356 2815 1410 2863 vid.

280 2884 444 2934 contendent.
476 2884 588 2934 indidem
611 2900 666 2935 enm
692 2885 752 2934 otiis
777 2901 823 2949 ego
866 2884 934 2935 Geli.
951 2883 981 2934 tt.
997 2886 1030 2936 A.
1044 2883 1117 2946 xvi,
1132 2885 1157 2947 6,
1174 2884 1204 2933 12
1225 2881 1353 2947 „Publius
1366 2898 1412 2932 eu-

280 2953 390 3014 colligo,
411 2967 467 3002 esse
480 2968 535 3002 enm
554 2969 655 3002 carmen
669 2954 770 3004 omnino
785 2955 824 3003 di·
865 2961 915 3003 teni
929 2951 1047 3017 Nigidius
1061 2955 1085 3003 in
1101 2952 1177 3016 libro,
1198 2967 1270 3018 quam
1285 2951 1322 3002 De
1336 2951 1412 3002 Extis

280 3035 398 3082 versum,
418 3020 442 3069 id
457 3021 522 3085 qnod
542 3021 669 3086 praefatio
683 3023 823 3087 pecuiiuris
866 3023 1017 3087 composuit,
1033 3023 1152 3072 bidentes
1169 3020 1294 3087 appellari
1308 3020 1348 3070 ait
1362 3037 1411 3070 non

191 3146 195 3152 Ι
279 3089 329 3154 ipsi
341 3088 454 3155 praefixa
468 3089 571 3154 insuper
583 3090 693 3153 indicet,
708 3092 824 3156 quemvis
866 3107 928 3141 oves
941 3091 1025 3153 solos,
1046 3091 1089 3140 sed
1104 3107 1191 3140 omncs
1205 3090 1286 3139 bimus
1299 3089 1410 3139 bostins.

279 3166 456 3221 argumentum
476 3172 556 3223 neque
578 3173 607 3207 nc
626 3159 696 3208 iilius
714 3162 739 3208 in
761 3161 822 3223 dog·
866 3156 953 3224 Neque
972 3166 1056 3209 tannen
1071 3159 1138 3210 dixit
1156 3159 1287 3224 apertius,
1311 3173 1360 3207 cnr
1373 3160 1412 3208 bi-

279 3234 348 3278 mete
361 3227 514 3291 explicando
528 3235 634 3292 perstet.
866 3228 974 3279 dentes.-
995 3230 1056 3288 sed,
1076 3228 1142 3294 quod
1163 3227 1229 3277 ultro
1243 3227 1412 3276 existimabu-

333 3297 357 3347 1.
375 3293 485 3362 fossor]
510 3296 632 3360 agricola
664 3295 714 3345 iso.
747 3295 820 3360 Virg.
865 3311 936 3358 mus,
956 3297 981 3345 id
995 3297 1117 3362 scriptum
1140 3296 1283 3346 invenimus
1302 3297 1327 3345 iu
1341 3311 1411 3346 co-

278 3364 375 3429 Georg.
392 3364 424 3428 ΙΙ,
439 3365 488 3414 264
511 3365 546 3413 Et
566 3364 703 3428 tabefacta
716 3381 822 3415 innuens
865 3366 999 3415 mentnriis
1018 3364 1167 3429 quibusdem
1195 3365 1227 3414 nd
1248 3365 1289 3414 ius
1309 3365 1411 3430 pontiti-

278 3435 407 3485 robnstus
420 3437 516 3498 iugera
523 3435 631 3496 fossor.
865 3433 931 3482 cium
954 3433 1159 3499 pertinentibus,
1186 3433 1311 3483 bidennes
1329 3435 1411 3498 primo

330 3503 355 3552 5.
373 3502 472 3567 Quaeri
480 3506 583 3568 potest:
599 3500 688 3565 Quare
699 3506 824 3567 respersit
867 3501 960 3562 dictas,
976 3503 1052 3552 titeru
1065 3502 1187 3565 immissa,
1202 3503 1274 3566 qnasi
1291 3503 1411 3553 biennes:

277 3569 824 3635 dominusadrnunaraAbelthmquid
865 3577 918 3620 tum
944 3571 1018 3635 longo
1043 3586 1091 3619 usn
1117 3571 1237 3636 loquendi
1261 3579 1411 3637 corruptum

277 3638 338 3701 plur
348 3639 442 3701 placet
463 3638 570 3687 domina
586 3638 821 3703 praeiudiciorum
865 3653 922 3688 esse
935 3653 1040 3701 vocem,
1055 3647 1082 3689 ot
1094 3653 1126 3689 ex
1146 3639 1307 3690 bidennibus
1322 3641 1413 3690 biden-

277 3720 360 3769 quam
370 3708 533 3767 soerfflcium
545 3705 577 3755 de
583 3706 749 3770 fructibus?
759 3707 820 3757 Non
866 3711 906 3756 tes
919 3708 1029 3756 uectum:
1044 3708 1163 3774 qnoniam
1172 3707 1197 3758 id
1207 3708 1345 3757 videbatur
1354 3723 1411 3758 esse

278 3775 381 3836 utique.
407 3773 461 3824 Sed
479 3779 540 3838 arcia
563 3774 669 3824 uidebat
687 3791 733 3825 oar
754 3777 821 3826 Cain
865 3774 935 3824 dictu
956 3775 1059 3826 ieciiins
1075 3775 1219 3840 deciusque.
1247 3775 1413 3840 idiginustn-

277 3841 387 3890 matitia
413 3847 437 3890 at
464 3843 566 3892 inuidia
588 3842 697 3906 plenum
723 3849 820 3894 contro
864 3858 919 3893 men
942 3843 1039 3907 iulius,
1064 3845 1105 3910 qni
1126 3845 1165 3895 ins
1184 3845 1343 3911 pontificium
1362 3861 1413 3895 non

268 3908 397 3975 scutram
416 3925 510 3972 ruram,
537 3926 633 3960 rnnnus
653 3915 709 3962 eins
727 3929 821 3975 repro·
863 3912 966 3963 videtur
976 3914 1122 3977 ignorasse,
1137 3913 1163 3962 in
1173 3914 1411 3979 quartoiibrorum,

278 3979 368 4040 baoit,·
393 3982 421 4026 in
441 3979 510 4027 Abel
530 3993 591 4027 varo
616 3982 820 4046 simplieitatem
864 3996 928 4046 qnos
948 3981 984 4032 De
998 3982 1108 4046 Virgilio
1129 3982 1205 4046 iecit,
1230 3982 1353 4032 bidentes
1365 3997 1413 4047 cp-

277 4052 305 4096 at
333 4049 514 4096 innocentiam
544 4046 693 4096 adtendens
722 4065 819 4100 arunns
862 4049 953 4112 pelinri
964 4050 1069 4116 scripsit
1083 4051 1190 4113 hostias,
1205 4064 1269 4115 quse
1280 4059 1413 4116 peracte-

277 4118 473 4180 eiusaspeoeit,
495 4117 761 4180 etquiaauarr'tiam
775 4119 819 4168 do·
863 4126 912 4168 tem
938 4121 1001 4169 dnos
1027 4121 1117 4169 dentes
1142 4120 1250 4169 citiores
1272 4121 1410 4170 baberent.

277 4189 398 4234 testatus
408 4189 449 4234 est
461 4187 488 4234 iu
502 4184 593 4234 labore
606 4184 682 4247 Cain,
697 4187 818 4252 quiplus
862 4185 946 4236 Verba
959 4187 1029 4237 itlius
1050 4189 1106 4252 ipsu
1117 4189 1205 4253 posui:
1227 4189 1300 4252 Quae
1315 4189 1413 4238 bidens

275 4255 349 4303 iusta
368 4254 515 4304 insudabat
533 4256 560 4302 in
580 4252 744 4316 laborando,
764 4270 816 4304 non
861 4260 916 4317 est,
937 4257 1034 4322 inquit,
1055 4261 1161 4318 tortia,
1183 4258 1413 4322 apartetbubeat

275 4325 310 4370 ut
333 4323 443 4373 baberet
470 4322 682 4387 sufficientiam,
713 4321 762 4372 sed
784 4329 819 4374 ut
860 4323 953 4375 ἄαπτοι
975 4330 1052 4390 octo,
1074 4325 1170 4376 radan
1187 4324 1412 4376 tieduoeeteris
