3016 4832
642 245 716 300 llll.
732 245 910 300 rnunullrn
925 245 1029 299 otuu.

446 435 597 511 ‚manure
614 438 772 496 nostrum:
791 434 834 496 nil
850 433 995 496 ‹liurnum
1010 447 1074 496 nox
1090 434 1184 510 eupit.

531 530 678 609 „Tamen
694 534 725 595 ln
740 533 878 594 tenelrls
893 532 1049 608 proteram
1066 531 1181 594 claram
1198 535 1312 596 lacem:

447 640 570 702 „sanus
585 625 712 704 videbit,
730 626 833 702 lippus
848 627 955 688 oculos
972 627 1108 702 ooteget.

447 717 644 796 „Removete
660 720 776 797 lumen,
795 719 869 781 tlictt
883 719 1080 795 insanabilis,

446 813 624 889 „iniuriosa
641 818 690 876 est
705 814 750 875 nil
765 815 883 876 vitenti
899 813 1036 876 claritas.

446 909 725 987 „Auti‚·protane,
744 911 824 984 quoi
841 913 992 985 gravatus
1008 907 1123 970 oleris.
1233 915 1235 918 ·

533 1003 677 1083 „Regem
694 1018 859 1082 perennem
877 1019 934 1068 rex
950 1004 1095 1081 perennis
1110 1005 1250 1081 protulit,

447 1102 506 1177 „in
522 1116 556 1162 se
573 1105 760 1177 manentem,
778 1115 834 1163 nee
849 1102 998 1162 minorem
1015 1103 1165 1176 tempore,

448 1199 549 1275 „quia
563 1202 685 1273 tempus
701 1197 788 1259 illum
804 1211 866 1259 non
882 1200 983 1258 tenet:
1002 1209 1073 1256 nam
1089 1195 1160 1255 tons
1175 1199 1260 1257 retro

448 1294 675 1371 „exordiorum
691 1297 740 1354 est
754 1297 786 1354 et
802 1292 919 1354 (lterum
937 1296 969 1352 et
982 1296 1167 1367 temporum,

448 1405 515 1465 „ex
531 1388 626 1452 Patre
642 1385 801 1467 Christus,
819 1390 877 1450 loc
892 1385 987 1450 Pater
1001 1388 1081 1463 quot
1097 1383 1208 1448 Filius.

533 1485 620 1564 „Hie
636 1502 670 1548 se
686 1487 851 1548 videntum
867 1485 1023 1561 praestitit
1039 1485 1231 1558 mortalibus,

447 1578 605 1653 „mortale
620 1591 733 1653 corpus
749 1577 884 1653 sumpsit
898 1576 1119 1653 inmortalitas,

449 1675 522 1749 „ut,
541 1672 614 1732 rium
630 1671 781 1733 caducum
798 1674 903 1746 portat
917 1675 1064 1732 aeternus
1080 1666 1178 1746 Deus,

448 1766 611 1842 „transtro
627 1769 770 1826 nostrum
785 1767 892 1841 posset
907 1765 946 1825 ai
961 1764 1123 1825 caelestia:

449 1862 567 1937 „homo
583 1863 632 1921 est
648 1865 825 1938 peremptus
842 1865 873 1922 et
889 1860 1064 1922 resurrexit
1079 1857 1176 1921 Deus.

506 1947 508 1952 ’
533 1949 741 2030 „Congressa
757 1968 841 2016 mors
856 1957 905 2015 εει
920 1954 1055 2014 membra
1070 1954 1209 2029 gestanti
1225 1951 1303 2030 Deo,

447 2049 546 2125 „uum
563 2053 672 2111 nostra
687 2053 829 2126 temptat,
850 2049 947 2110 cessit
960 2048 1192 2110 inmortalibus.

448 2138 612 2230 „Stultum
629 2145 746 2219 putatis
763 2144 832 2220 noc,
850 2144 1009 2219 sophistae
1025 2144 1140 2204 seculi:

448 2239 529 2313 „sel
546 2238 645 2306 stulta
660 2237 766 2300 munli
783 2253 923 2300 summus
940 2239 1035 2314 elegit
1050 2235 1154 2315 Pater,

448 2337 510 2408 „ut
525 2333 642 2394 stultus
659 2336 743 2394 esset
758 2333 869 2410 seculi,
887 2333 1023 2409 prudens
1039 2329 1108 2410 Dei.

533 2427 788 2505 „Antiquitatem
803 2425 927 2491 Romuli
944 2432 975 2489 et
989 2424 1178 2490 Mavortiam
1251 2443 1254 2448 ¹

351 2634 410 2684 591.
431 2638 459 2684 in
472 2651 521 2685 om.
536 2633 594 2686 liat.
609 2633 679 2686 anl.
694 2636 785 2701 blmq
798 2635 931 2686 stannes
943 2633 1021 2685 Torn.
1037 2633 1113 2686 Febrss
1123 2633 1200 2684 Cher.
1216 2633 1302 2685 Poett.
1313 2639 1402 2684 Amstr.

281 2703 341 2764 (non
356 2701 436 2768 Gis).
576 2705 635 2754 592.
655 2707 744 2771 lippos
756 2706 828 2755 octos
848 2703 924 2755 Cher.
939 2704 1034 2768 Paete,
1053 2705 1144 2770 lippus
1157 2704 1228 2754 nelos
1249 2703 1309 2754 Alo.
1324 2703 1404 2766 Luget.

281 2769 359 2821 Nebr.
376 2772 444 2822 stet.
454 2778 507 2822 tres
526 2772 642 2837 Weitz.,
662 2774 706 2824 sed
720 2773 769 2823 eir.
784 2774 831 2824 481
844 2789 849 2835 ;
869 2774 973 2838 obtegit
991 2774 1068 2838 Prag.
1191 2772 1249 2823 593.
1273 2773 1341 2823 dteit
1354 2771 1405 2822 ΑΕ

282 2838 1058 2910 ΗΡΡοος.2αοΟ66.[1116.216],άίοειιίιοοοΝοΙΙ.
1081 2841 1404 2906 lanbmncumrequ.

282 2908 340 2957 edd.
447 2910 505 2958 694.
526 2911 746 2962 InuidiosoLott.
852 2910 911 2962 696.
931 2911 1023 2962 actoru
1036 2911 1067 2960 A.
1173 2909 1233 2959 599.
1253 2911 1367 2961 esteten.
1381 2911 1406 2959 in

282 2976 316 3039 b;
335 2981 364 3026 ot
376 2981 527 3042 temporum
540 2985 568 3028 οι
579 2979 682 3030 dierum
695 2982 747 3032 inv.
764 2982 811 3049 lq.
882 2981 941 3030 694.
954 2984 1041 3046 possit
1054 2979 1129 3044 Prng.
1144 2980 1184 3030 2ο
1197 2993 1211 3028 ο
1225 2980 1241 3030 b
1253 2994 1303 3045 mq
1319 2978 1406 3029 Heius.

281 3044 371 3095 Clam.
387 3046 448 3110 (non
461 3045 517 3096 nti.
534 3047 613 3112 Lngd.
629 3047 717 3114 uolt).
806 3049 865 3100 695.
884 3053 1009 3099 εοννοτοὶι
1021 3047 1096 3112 Pras.
1111 3049 1137 3099 6.
1222 3048 1283 3100 606.
1297 3053 1410 3113 gestant

281 3113 342 3164 ideo
357 3115 413 3164 illd.
430 3114 509 3178 bugd.
524 3124 650 3184 eor-rupte.
757 3118 816 3168 ool.
838 3123 948 3168 tentant
961 3118 972 3167 1
985 3117 1060 3186 nnn,
1079 3121 1162 3170 pessit
1173 3117 1226 3178 2t;
1244 3117 1407 3168 ianmortaett-

282 3189 327 3233 tos
339 3183 405 3233 eoni.
422 3182 499 3234 Nebr.
623 3186 680 3238 608.
701 3187 768 3237 aeeli
786 3185 869 3250 bugd.
989 3188 1048 3238 669.
1069 3187 1148 3254 eligit
1164 3187 1222 3237 All.
1239 3185 1319 3250 Lugd.
1336 3185 1406 3236 Lott.

280 3252 412 3372 Stulnttips
424 3251 500 3304 Turn.
517 3252 594 3305 Faba.
609 3255 686 3306 Chor.
702 3255 784 3306 Poett.
799 3257 892 3306 Amstr.
907 3271 913 3316 ;
939 3255 992 3306 Sed
1002 3257 1090 3308 stultu
1103 3255 1198 3306 mundi
1208 3256 1312 3306 stultus
1324 3255 1407 3322 etegit

278 3327 362 3388 pater
396 3337 451 3372 aur.
468 3339 492 3372 n.

332 3511 392 3561 599.
420 3511 540 3580 haurire]
561 3515 656 3563 torto-io
675 3513 822 3578 aliquando
865 3514 924 3578 quis
945 3509 1052 3582 ὡρίσθη
1071 3508 1129 3571 υἱὸς
1148 3515 1218 3566 Θεοῦ
1238 3512 1268 3564 ἔν
1286 3508 1407 3582 δυνάμει

279 3579 425 3642 provideo,
457 3587 489 3628 nt
513 3581 647 3648 Virgilius
672 3579 748 3648 [Aen.
776 3581 820 3645 lV,
864 3576 1204 3652 ἒξάνοστάσεωςνεκρῶν.
1234 3581 1304 3634 Rom.
1320 3583 1343 3647 1,
1359 3585 1410 3634 4.“

281 3644 362 3714 661];
389 3650 492 3699 'laurio
523 3651 593 3699 tone
622 3651 706 3702 oeulis
732 3655 821 3716 ignom
866 3651 930 3702 Cett.

281 3717 397 3765 errtdetis
410 3718 442 3766 ob
455 3719 683 3782 attottardauus5
697 3719 821 3786 aliquan-

281 3785 314 3834 do
328 3791 420 3834 autem
438 3788 595 3852 vulnerum,
617 3794 648 3838 ut
666 3790 739 3838 tutus
754 3787 821 3838 Itou-
915 3787 974 3838 698.
997 3787 1052 3838 etr.
1068 3789 1086 3839 l.
1111 3787 1172 3838 Cor.
1189 3790 1213 3852 l,
1234 3789 1277 3852 2⁰,
1296 3789 1343 3848 21,
1359 3789 1414 3848 ut,

280 3858 335 3916 rit,
364 3853 443 3905 modo
467 3863 557 3906 autem
581 3873 657 3907 sumo
680 3858 821 3922 signifieat
864 3857 896 3906 Α.
906 3856 992 3942 praet.
1006 3859 1049 3921 28,
1068 3856 1114 3924 Ep.
1132 3859 1241 3908 Barnab.
1255 3857 1294 3908 V:
1316 3851 1367 3908 ὅτε
1383 3857 1414 3910 δὲ

281 3921 317 3985 gl.
332 3937 357 3972 a.
583 3959 586 3964 -
866 3941 930 3983 τους
947 3923 1036 3983 totove
1048 3920 1245 3990 Ἀποστόλους,
1266 3925 1332 3984 τούς
1345 3925 1416 3997 με’).-

333 3993 392 4042 695.
419 3993 496 4043 tomo
514 3998 556 4042 ost
572 4000 729 4060 peremptus
751 3993 819 4061 sup]
863 3991 961 4052 λοντας
971 3990 1122 4063 κηρύσσειν
1134 3992 1165 4045 τὸ
1183 3991 1349 4062 εὐαγγέλιον
1364 3993 1418 4048 οὐ·

279 4060 337 4123 „ln
356 4059 425 4111 Dens
445 4076 536 4128 passus
551 4063 682 4126 incarne,
702 4071 728 4114 et
747 4065 819 4113 homo
864 4065 927 4125 τοῦ,
953 4061 1108 4128 ἐξελέξατο,
1127 4057 1210 4122 ὄντος
1220 4060 1292 4133 ὑπὲρ
1310 4067 1421 4118 πᾶσαν

279 4145 359 4194 aeque
373 4133 525 4181 resurrexit.
548 4131 594 4180 Hie
606 4147 668 4181 vero
678 4132 820 4183 deploratio
863 4127 1003 4200 οξιιαρτίον
1015 4127 1206 4202 ἅνομωτέρους
1216 4161 1251 4172 --
1259 4131 1306 4186 tva
1320 4132 1421 4208 δείξῃ,

279 4199 413 4263 utriusque
427 4207 534 4249 naturae
548 4201 711 4267 proponitur,
732 4203 820 4252 hamn-
862 4193 906 4252 ὅτι
915 4196 963 4252 οὐκ
973 4192 1053 4266 ἦλθε,
1065 4204 1179 4254 καλέσαι
1189 4201 1324 4262 δικαίους,
1341 4200 1421 4258 ἀλλὰ

280 4267 462 4332 ammonente,
473 4269 574 4320 divinae
582 4270 608 4320 in
620 4270 817 4334 resurreetione,
862 4265 1045 4340 ἁμαρτωλοὺς
1056 4271 1096 4330 εις
1105 4264 1270 4340 μετάνοιαν.
