3054 4820
243 334 342 378 xxxvi
663 327 925 383 PROLEGOMENA.

241 501 324 563 MSc.
342 499 466 564 contulit
487 500 529 563 M.
548 491 684 562 loaclrim.
705 499 877 578 Zebnerns,
903 499 1046 564 territorii
1064 499 1283 584 Hennebergici
1301 522 1373 565 vere

244 593 313 656 unio
335 604 387 656 aut
407 614 539 676 gemma3
562 592 615 680 qui
635 603 664 668 et
679 594 922 660 Ecclesiasticum
945 595 1080 658 ordinem
1104 608 1134 659 et
1158 597 1370 678 Philologicum

243 687 306 770 pari
325 690 386 750 lace
403 687 569 749 sanctitatis
587 708 621 748 ac
636 688 789 750 doctrinae
805 690 848 752 sic
864 688 1010 766 illustrat,
1034 700 1067 750 ut
1082 699 1206 773 uterque
1223 692 1259 753 de
1275 690 1373 772 digni·

242 795 303 847 tate
327 785 458 846 eiusdem
481 801 574 864 aeque
599 803 712 844 summe
735 785 891 866 glorietur.
931 784 966 846 Ei
991 795 1128 868 acceptas
1152 787 1233 848 relcr
1255 787 1370 862 varias,

242 901 315 964 cynas
331 901 369 943 ex
387 879 518 942 eiusdem
535 879 612 941 libro
628 881 822 962 transcriptas
839 901 973 956 mecum,
991 891 1114 942 auctore
1129 880 1268 958 volente,
1292 904 1373 944 com·

241 977 394 1040 municare
418 974 512 1038 voluit
533 975 574 1036 M.
600 973 697 1037 Wolf.
721 974 869 1053 Scberns,
900 974 989 1036 decus
1013 984 1042 1036 et
1063 974 1198 1040 delicium
1221 987 1370 1051 nostrum,

241 1072 413 1154 ordinisque
435 1069 481 1132 sni
497 1079 705 1132 ornamentum
728 1080 816 1151 atque
839 1069 937 1131 lumen
959 1069 1124 1151 singulare.
1155 1073 1237 1134 Bene
1253 1093 1373 1154 qnoque

241 1167 292 1230 tibi
317 1168 372 1245 sit,
407 1165 581 1246 ubicumque
608 1185 659 1243 es,
692 1164 834 1230 Goldaste
863 1165 973 1248 optime
997 1176 1027 1228 et
1049 1166 1246 1230 suavissime!
1287 1170 1372 1232 cuins

241 1259 409 1342 prothymia
433 1257 638 1334 membranae,
663 1257 691 1319 in
714 1257 794 1340 quib.
821 1258 896 1320 liber
921 1256 1173 1337 Cathemerinon,
1198 1271 1229 1322 et
1244 1259 1372 1322 Amneni

239 1354 380 1419 Manuale
402 1363 485 1428 erat,
510 1351 544 1414 ad
571 1371 652 1440 meas
674 1372 838 1436 pervenere
861 1373 977 1416 manus.
1010 1351 1174 1416 Christian.
1193 1353 1370 1430 becmauus,

242 1447 488 1530 diligentissimae
507 1445 561 1510 Vir
577 1446 895 1523 eruditionis,ralat.
915 1446 987 1508 Cod.
1009 1468 1025 1508 a
1048 1445 1176 1508 Grutero
1199 1449 1297 1510 luerat
1319 1468 1372 1510 ne·

242 1554 327 1618 ctus,
352 1562 442 1624 equo
459 1542 559 1604 varias
577 1541 647 1603 mihi
665 1563 781 1624 qnoque
802 1563 904 1605 secum
928 1564 995 1606 esse
1019 1563 1190 1605 communes
1214 1537 1371 1621 voluit²⁵).

243 1640 341 1704 llosce
365 1639 459 1700 Codd.
484 1661 550 1701 cam
572 1660 642 1702 cura
666 1650 696 1701 et
718 1641 774 1702 lide
790 1639 922 1703 studiose
939 1639 1069 1714 contuli,
1095 1639 1221 1720 dedique
1238 1661 1371 1723 operam,

241 1753 278 1795 ue
295 1735 372 1794 l'orte
388 1753 425 1793 an
444 1731 490 1794 vel
507 1731 677 1810 minimum,
697 1743 800 1794 notatu
817 1731 1035 1814 observataque
1052 1732 1184 1815 dignum,
1204 1753 1285 1795 meos
1302 1732 1372 1794 sub-

241 1829 407 1908 terfugeret
423 1821 617 1909 oculos²⁰).“
646 1826 797 1910 Singulari
823 1849 888 1889 cnm
907 1828 1059 1910 diligentia
1075 1827 1190 1891 Weitz.
1210 1827 1371 1890 editionem

242 1943 326 1985 suam
343 1921 527 1995 elaboravit,
553 1919 605 1983 sed
622 1940 661 1982 ex
678 1942 755 2003 penu
771 1942 825 1984 suo
842 1921 946 1984 critico
963 1921 1046 2004 plura
1069 1921 1268 2003 deprompsit,
1297 1935 1374 2004 qnae

241 2017 347 2079 melius
370 2016 537 2079 latuissent.
578 2015 675 2094 Quare
697 2017 806 2078 lactum
830 2026 893 2092 est,
928 2026 961 2078 ut
988 2017 1035 2078 ed.
1062 2015 1246 2078 Giseliniana
1276 2019 1374 2100 magis

241 2112 372 2195 placeret
399 2120 490 2190 utque
513 2109 643 2171 virorum
675 2110 827 2170 doctorum
856 2109 989 2172 ordinem
1012 2109 1175 2172 carminum
1200 2133 1216 2172 o
1237 2111 1373 2177 Weitzio
1471 2155 1474 2159 -
1522 2193 1523 2208 y

242 2206 442 2292 perturbatum
461 2207 518 2268 duo
535 2204 628 2268 solnm
646 2205 841 2286 repetierunt,
855 2205 948 2288 Aug.
964 2205 1147 2268 Bacbneras
1163 2205 1252 2269 etIo.
1271 2207 1301 2270 Τ
1297 2208 1375 2272 beil-

242 2304 315 2365 lius.
345 2301 549 2384 supereminet
574 2319 793 2375 comumnes,
819 2300 867 2380 qui
891 2311 1136 2378 antecesserunt,
1163 2304 1372 2367 commentari·

242 2417 326 2459 orum
349 2394 491 2457 ubertate.
530 2393 634 2458 losnnt
656 2394 751 2471 enim,
778 2393 825 2485 qui
842 2395 951 2476 singuli
967 2415 1038 2460 aere
1059 2395 1182 2458 vixdum
1205 2400 1372 2482 comparari

242 2501 363 2574 queant.

328 2615 394 2678 Isa.
424 2612 594 2696 Groagaei
623 2613 892 2698 Gymnasinrcbae
918 2615 1164 2678 Vindocinencis
1186 2616 1259 2700 (sic)
1284 2617 1372 2680 Com-

242 2711 405 2786 mentarii,
439 2710 470 2770 in
493 2705 579 2770 Aer.
607 2707 778 2769 Prudentii
799 2708 968 2770 Clementis
994 2710 1091 2771 libros
1114 2709 1191 2772 duos
1221 2709 1373 2772 adversas

243 2800 460 2888 Syrnrnacbmn
477 2819 541 2882 pra
564 2820 622 2861 ara
640 2797 820 2861 Victoriae.
839 2799 897 2860 Ad
914 2801 1076 2864 illustriss.
1102 2812 1196 2886 atque
1218 2806 1369 2866 invictiss.

243 2898 272 2960 d.
290 2897 320 2958 d.
341 2895 510 2960 Caesarem
527 2893 565 2953 de
584 2892 762 2954 Vendosrne
780 2889 817 2954 V
815 2892 1058 2956 indocz'nensinrn
1075 2893 1146 2977 (sio)
1171 2896 1290 2959 Ducem
1307 2909 1370 2959 etc.

244 2991 380 3054 Parisiis
403 2987 489 3070 apud
503 2985 672 3050 Bobertarn
686 2985 788 3048 Foaet
800 2985 969 3061 MDCXlV,
989 2993 1018 3062 8,
1038 3010 1085 3071 pp.
1106 2997 1166 3051 240
1192 3001 1311 3073 praeter
1326 2992 1372 3053 in·

243 3077 350 3146 dicem.
383 3082 514 3142 Textnm
531 3079 746 3142 Giseliuiennm
769 3101 828 3142 non
852 3091 992 3142 accurate
1009 3084 1138 3164 repetiit.
1156 3084 1326 3146 Accedunt:
1347 3084 1369 3146 l.

244 3175 394 3259 Grengaei
417 3175 624 3237 commentarii
646 3177 675 3238 in
704 3175 777 3239 dnos
807 3175 878 3237 libb.
904 3186 1009 3238 eontra
1031 3178 1145 3260 Symm.
1179 3179 1287 3261 passim
1311 3199 1372 3242 uon

244 3271 483 3354 contempnendi,
501 3270 616 3332 Relatio
634 3269 799 3351 Symmachi
817 3293 882 3332 cum
901 3272 980 3333 notis
996 3271 1054 3334 lac.
1073 3273 1158 3334 Lecti
1175 3283 1206 3335 et
1220 3273 1373 3338 Francisci

245 3367 355 3440 lureti,
379 3366 435 3428 duo
457 3364 525 3427 libri
549 3363 700 3426 Ambrosii
716 3365 860 3428 adversus
877 3364 1097 3450 Symmachum.
1138 3369 1231 3433 Huius
1248 3372 1296 3433 ed.
1315 3372 1373 3434 dno

245 3461 429 3545 exemplaria
443 3459 551 3522 habeo.

315 3678 362 3744 25)
380 3677 445 3727 Add.
460 3675 666 3726 Psicbomaobio
680 3676 780 3727 collata
793 3690 852 3726 curn
862 3675 927 3725 Meo.
944 3677 1062 3740 optimae
1075 3683 1156 3728 notae
1169 3677 1231 3730 aM.
1242 3677 1375 3729 Miobaele

244 3749 372 3799 Picearto
386 3745 446 3808 (eir.
460 3743 534 3794 Tom.
547 3743 567 3807 l,
583 3761 605 3810 p.
621 3743 693 3809 369).

317 3849 360 3911 26)
380 3846 539 3911 „indiculus
559 3849 757 3914 interpretans.-
777 3847 852 3898 Aelii
861 3847 977 3897 Antonii
989 3847 1173 3899 Nebrisscnsis
1186 3849 1233 3900 le.
1260 3850 1376 3899 Anacte-

246 3921 331 3969 tlones
345 3919 369 3966 in
385 3917 488 3982 bymuos
503 3923 529 3964 et
542 3913 776 3982 Psycbomecbiam¹
797 3916 925 3966 lobannis
939 3917 1068 3967 Sr'rmardi
1078 3917 1122 3968 lc.
1136 3917 1248 3967 Scholia.
1262 3919 1377 3969 Erasini

246 3986 425 4040 Ilctcrodanri
436 3985 666 4034 Corumeotariolus
684 3987 709 4034 iu
729 3986 793 4034 duos
807 3985 923 4052 byruuos.
945 3987 1037 4036 iacobi
1048 3985 1178 4052 Spiegalii
1189 3986 1232 4036 10.
1247 3987 1375 4050 iuterpre-

148 4109 154 4119 ,
247 4057 311 4108 totio
325 4058 350 4105 iu
365 4057 481 4122 hymnum
496 4054 607 4103 omnium
621 4054 752 4104 borernm.
779 4053 891 4118 Georgii
902 4055 1026 4105 Fabricii
1038 4055 1234 4105 Clrernnicensis
1253 4055 1279 4104 in
1299 4071 1375 4120 qnos-

247 4127 304 4177 deui
319 4127 425 4191 hymnos
442 4121 579 4188 expositio.
603 4121 705 4172 Adurni
715 4122 805 4174 Sideri
821 4122 961 4174 Sebolidle.
978 4123 1140 4173 *lobannis
1161 4122 1312 4174 Marmellii
1329 4137 1375 4174 ex-

247 4194 352 4262 plicatio
366 4195 391 4243 in
406 4191 542 4242 florueonm
555 4196 694 4256 martyrem
709 4188 817 4258 [deest].
842 4193 962 4246 Victoris
982 4191 1094 4242 Gisclini
1104 4191 1288 4257 Sanfordiani
1306 4208 1375 4244 eorn-

246 4265 399 4314 neuterius.
416 4259 527 4325 Georgii
533 4256 610 4309 Ilcmi
621 4258 666 4310 IC.
677 4257 768 4311 Notae.
788 4261 890 4312 Adonei
899 4259 1129 4312 TbeodoriSiberi
1142 4261 1375 4312 Commentariolus

245 4334 271 4383 io
284 4339 338 4384 tres
352 4332 467 4398 hymnos.
483 4327 607 4378 Andreae
616 4328 653 4381 W
654 4327 716 4381 illrii
725 4330 851 4398 expositio
864 4330 889 4380 lo
903 4330 1023 4396 quosdam
1037 4343 1068 4378 es
1079 4329 1216 4395 Apotheosi
1230 4331 1357 4380 versus.“
