3046 4830
621 261 698 315 nult.
713 263 894 318 rbubbttru
907 263 1008 317 CLEM.

468 446 572 512 Pubcs
587 450 662 525 quin
678 449 772 511 ctiam
788 450 911 511 decolor
926 452 1045 526 asperis

425 543 553 603 inritata
568 541 647 603 odiis
662 557 737 618 rege
753 544 810 604 sub
825 544 909 618 inpio
1049 535 1052 542 ’

427 636 608 698 Hebraeum
624 639 734 698 sitiens
751 638 881 700 ittrrderc
896 641 1077 715 sanguinem

426 733 518 792 audet
534 747 567 792 se
582 733 693 808 pelago
709 734 834 795 credere
850 748 1004 794 concavo:

468 828 555 888 ibant
569 829 730 904 praecipiti
746 830 869 890 turbine
883 830 1001 904 percita

426 922 539 984 duetus
555 937 611 997 per
626 923 743 984 medios
758 925 882 1000 agmina
898 925 995 1001 regia,

426 1015 480 1075 scd
497 1016 627 1077 contusa
643 1016 753 1077 debinc
767 1017 849 1078 unda
865 1018 1037 1080 revolvitur

426 1111 457 1172 in
472 1114 571 1172 semet
582 1112 725 1173 revolans
741 1113 867 1189 gurgite
879 1113 1011 1176 contiuo.

471 1199 593 1266 Currus
608 1209 683 1266 tunc
699 1211 731 1268 et
746 1221 841 1282 equos
857 1207 979 1282 telaque
994 1208 1147 1284 naufraga

426 1301 511 1380 ipsos
529 1305 560 1361 et
574 1316 718 1376 proceres
735 1305 766 1362 et
780 1316 861 1377 vaga
877 1315 1006 1376 corpora

428 1394 589 1470 nigrorum
604 1396 711 1458 videas
726 1409 802 1455 nare
818 1395 1000 1472 satellitum,

427 1489 509 1550 arcis
525 1489 681 1550 iustitium
697 1489 788 1550 triste
803 1488 998 1564 tyrannicae.

471 1577 559 1663 Quae
574 1582 699 1644 tandem
713 1585 827 1657 poterit
841 1582 949 1657 lingua
964 1585 1106 1643 retexere

428 1676 536 1738 laudes
552 1672 678 1739 Christe
693 1681 785 1740 tuas?
800 1677 853 1752 qui
869 1677 1016 1737 domitam
1032 1672 1153 1738 Pbaron

427 1771 526 1847 plagis
543 1771 733 1834 multimodis
750 1771 858 1832 cedere
879 1771 1016 1845 praesuli

429 1866 515 1941 cogis
528 1867 668 1927 iustitiae
684 1866 805 1928 vindice
820 1865 960 1926 dextera.

471 1958 534 2041 Qui
545 1964 674 2036 pontum
689 1962 804 2038 rapidis
820 1961 960 2022 aestibus
978 1961 1096 2021 invium

429 2055 603 2131 persultare
617 2059 719 2131 vetas,
737 2059 773 2116 ut
787 2054 885 2117 retiuo
900 2055 933 2116 in
950 2054 1016 2114 salo

429 2164 560 2212 securus
576 2155 680 2227 pateat
695 2155 727 2211 te
742 2151 819 2212 duce
835 2151 999 2226 transitus,

429 2252 461 2308 ct
475 2261 547 2307 mox
562 2249 646 2309 unda
661 2262 759 2323 rapax
775 2247 903 2307 devoret
917 2246 1030 2321 inpios.

473 2335 533 2402 Cui
547 2341 653 2404 ieiuna
669 2342 763 2402 eremi
779 2354 856 2400 saxa
872 2338 1052 2415 loquacibus

430 2435 589 2497 exundant
604 2436 755 2496 scatebris
771 2438 802 2494 et
816 2429 927 2494 latices
944 2447 1042 2494 novos

430 2528 534 2589 tundit
549 2529 648 2590 scissa
664 2530 756 2605 silex,
774 2542 854 2603 quae
870 2527 1047 2588 sitientibus

429 2620 481 2683 dat
495 2626 601 2698 potum
616 2623 737 2698 populis
754 2637 812 2683 axe
828 2623 885 2684 sub
900 2623 1005 2698 igneo.

472 2711 576 2777 instar
591 2717 673 2777 tellis
689 2731 769 2792 aqua
784 2715 926 2778 tristitico
942 2715 974 2776 in
990 2715 1060 2776 lacu

333 2905 375 2955 76.
400 2905 486 2972 rcfluo
505 2903 710 2970 uruarrag
729 2905 830 2955 ioan
843 2923 858 2972 p
872 2923 903 2972 q,
930 2905 994 2971 quod
1018 2903 1098 2954 inissa
1120 2903 1225 2954 videtur
1243 2903 1268 2953 io
1288 2903 1309 2953 ti
1329 2903 1391 2968 (oon

266 2974 367 3037 Laoc).
473 2974 514 3024 79.
530 2989 600 3023 nouo
613 2989 690 3040 supra
703 2973 762 3030 add.
778 2978 807 3024 in
821 2974 891 3039 liat,
906 2980 999 3025 tonora
1012 2973 1044 3039 b,
1062 2988 1139 3023 moro
1151 2990 1174 3023 ο.
1292 2973 1333 3023 80.
1350 2977 1392 3022 lo-

264 3046 373 3094 stitiom
386 3047 420 3091 ut
431 3041 488 3091 Aid.
502 3041 596 3106 Lugd.‚
615 3047 753 3094 inscitiam
768 3043 866 3094 barthii
878 3045 985 3096 membr.
1105 3043 1147 3092 81.
1163 3042 1283 3106 linguam
1296 3057 1319 3091 o.

316 3111 358 3161 82.
380 3110 513 3161 domitum
532 3111 582 3161 2Α
602 3111 668 3162 BW
682 3111 755 3162 Gold.
777 3111 835 3162 flat.
851 3112 887 3163 bi
909 3111 962 3163 Gis.
978 3112 988 3162 l
1007 3114 1066 3173 (non
1088 3109 1198 3176 Laur.);
1228 3109 1338 3160 Faroon
1356 3110 1392 3160 W

265 3179 352 3243 (told,
371 3179 499 3231 Pboraoo
513 3179 572 3230 liat.
587 3181 619 3244 b,
638 3181 730 3232 Faron
744 3182 764 3230 Α
778 3181 798 3230 E
813 3181 832 3230 H
847 3181 865 3232 P
879 3185 939 3246 (noo
953 3180 1056 3244 Laur.).
1208 3179 1250 3230 83.
1267 3180 1394 3244 praesidi

266 3249 341 3300 Fabr.
358 3249 411 3300 Gis.
569 3250 610 3299 84.
632 3251 718 3300 dodica
732 3250 845 3300 dextera
858 3266 883 3301 o.
1040 3249 1082 3298 85.
1093 3255 1189 3313 potum
1205 3250 1266 3312 isio)
1284 3263 1340 3298 cum
1354 3249 1390 3312 gl.

264 3333 339 3369 maro
353 3333 382 3380 a;
412 3319 516 3369 rabidis
532 3319 541 3369 1
557 3317 632 3384 Aap
646 3334 661 3384 q
675 3319 773 3368 Bortbii
785 3335 832 3369 ms.
972 3319 1014 3368 86.
1043 3317 1201 3368 Persotooro
1223 3316 1299 3379 Prag.
1321 3315 1390 3380 Gis,

264 3388 431 3438 Porsultetra
446 3389 491 3437 ia.
588 3388 629 3438 88.
651 3388 761 3438 devoret
773 3389 794 3438 Α
806 3387 825 3437 Ρ
838 3404 852 3438 o
865 3405 881 3436 u
893 3387 952 3436 nit.
968 3385 1049 3450 Lugd.
1065 3383 1121 3437 Gis.
1138 3386 1181 3451 (ad
1196 3389 1276 3448 oram)
1291 3385 1391 3436 Waltz.

264 3455 348 3518 0bb.,
368 3461 400 3506 ot
411 3462 488 3506 vorot
500 3463 561 3506 eati.
736 3457 778 3506 89.
800 3456 853 3521 Qut
864 3473 896 3518 u3
927 3459 986 3505 viae
999 3471 1069 3505 soca
1084 3455 1142 3504 ald.
1155 3454 1235 3518 Lugd.
1251 3453 1322 3506 stab.
1338 3463 1393 3506 tres

264 3523 318 3574 Gis.
334 3525 345 3574 1
358 3523 433 3574 Cbor.
444 3525 525 3575 Poctt.
540 3523 651 3589 Amstr.;
671 3525 838 3576 madentibus
852 3523 906 3576 Gis.
920 3523 930 3574 l
943 3525 982 3588 (in
992 3528 1076 3588 textu)
1089 3523 1178 3588 raon,
1193 3525 1248 3574 sed.
1261 3523 1316 3574 vid.
1329 3523 1392 3575 Hor.

265 3592 493 3656 od.ltt,13‚15;
524 3594 675 3658 loquacitas
696 3594 764 3644 coni.
779 3594 867 3644 Heius.
887 3593 919 3642 ad
939 3594 988 3642 Ov.
1006 3591 1078 3642 Rem.
1099 3593 1183 3643 Amor.
1204 3607 1229 3641 v.
1244 3594 1291 3642 177
1313 3608 1393 3659 oppu-

264 3668 356 3725 gnante
370 3659 434 3711 obb.
450 3663 481 3711 ad
496 3663 519 3712 b.
535 3662 552 3712 1.
707 3663 750 3713 91.
769 3667 839 3713 codsa
856 3661 915 3712 Ata.
930 3660 1011 3726 Lugd.
1027 3661 1141 3726 Weitz.;
1172 3677 1241 3726 quoa
1254 3664 1394 3726 quiescen-

264 3731 338 3780 tibus
352 3744 375 3780 ο.

298 3875 500 3944 80.toetitiom]
519 3876 598 3943 Apul.
622 3877 683 3931 Met.
698 3876 730 3929 V.
748 3879 804 3928 iim:
848 3877 945 3928 Pbaron
971 3878 1080 3930 insulam
1107 3877 1280 3928 Alexandriae
1305 3880 1394 3944 proxi·

263 3946 339 3996 lucto
360 3948 468 4012 publico
492 3948 633 4012 confestim
655 3963 805 4014 congruens
847 3962 912 3996 roam
925 3948 1055 4013 intelligas
1068 3963 1123 3996 cum
1136 3947 1254 4013 praealta
1266 3949 1342 4010 turri,
1360 3964 1392 3998 ax

262 4014 393 4065 indicitur
411 4019 551 4066 iustitium
570 4016 599 4079 (i.
612 4033 636 4066 e.
652 4017 751 4080 quando
764 4016 804 4066 ius
847 4030 897 4081 qua
910 4016 980 4066 iacas
1000 4033 1046 4082 per
1068 4024 1166 4068 noctem
1181 4031 1305 4068 accensae
1319 4017 1393 4066 navi-

262 4083 394 4135 dicendum
408 4083 614 4150 sistitur),'1'ac.
630 4085 695 4134 Aoo.
711 4084 744 4135 lt.
760 4085 803 4145 82,
846 4085 964 4147 gentibus
993 4099 1095 4136 cursum
1126 4085 1279 4148 dirigebant.
1318 4083 1392 4136 Unde

261 4153 371 4204 Brisaoo.
387 4154 503 4205 dolorm.
524 4170 549 4220 p.
564 4154 630 4218 243,
655 4151 803 4204 liircbman.
847 4155 927 4204 turris
941 4156 1036 4220 etipsa
1052 4156 1155 4218 pharos
1169 4161 1321 4220 nuncupata.
1348 4153 1388 4204 ot.

262 4220 292 4272 da
306 4221 404 4272 funabr.
419 4240 444 4289 p.
458 4223 519 4272 415.
846 4237 877 4272 a:
889 4228 954 4288 post
966 4229 1123 4274 enumerato
1137 4225 1264 4288 beneflcio
1277 4223 1314 4274 att
1331 4224 1392 4274 lou-

314 4291 355 4341 82.
371 4292 502 4344 domitam
514 4288 636 4357 Pdoron]
650 4292 802 4358 Aegyptum.
846 4291 905 4342 dam
918 4292 964 4342 dci
974 4309 1002 4342 ae
1014 4293 1131 4357 confert.
