3046 4830
583 253 800 307 arurnncsts

214 441 341 504 Sanctus
357 441 394 506 ab
410 452 534 504 aeterno
551 440 689 505 subsistit
704 439 833 524 Spiritus
849 463 922 506 ore:

212 545 345 618 tempore
361 556 417 598 uec
432 535 533 600 senior
547 533 637 600 Pater
652 543 708 610 est,
728 555 783 596 uec
800 536 920 598 numine
936 538 1042 599 maior.

212 649 278 690 nam
295 631 412 714 sapiens
429 640 511 692 retro
528 648 645 710 semper
663 627 742 692 Dens
758 628 849 692 edidit
864 651 904 692 ex
920 651 965 708 se,

210 744 264 806 per
279 729 354 808 quod
372 747 491 810 semper
507 737 572 790 erat
587 725 736 808 gignenda
751 727 788 788 ad
804 727 905 790 secula
922 729 1057 791 verbnm.

209 818 312 884 Edere
328 824 381 886 sed
397 823 520 886 verbnm
538 823 633 884 Patris
650 833 712 886 est:
732 833 763 886 at
778 834 879 885 cetera
896 824 993 900 verbi,

207 917 394 1001 adsumptum
411 929 532 1002 gestare
549 918 707 1000 bominem,
725 937 867 999 reparare
883 929 1078 1002 peremptum,

202 1013 368 1076 conciliare
383 1013 464 1086 Patri
481 1014 647 1095 dextraque
662 1013 692 1074 in
709 1014 780 1076 sede
797 1013 908 1078 locare.
1024 1089 1026 1094 Ι

210 1107 339 1190 Spiritus
355 1107 411 1187 ista
428 1108 483 1171 Dei
499 1107 629 1190 conplet,
648 1106 727 1170 Dens
742 1106 806 1190 ipsc
823 1108 924 1170 fideles

205 1203 235 1264 in
253 1206 377 1286 populos
393 1205 542 1268 charisma
558 1224 642 1266 sunm
661 1198 823 1268 diffundere
840 1216 995 1289 promptus

207 1311 238 1361 et
255 1299 352 1364 Petris
369 1311 400 1363 et
417 1301 527 1364 Christi
544 1300 685 1363 virtutem
701 1299 732 1360 in
748 1321 874 1382 corpora
890 1303 1045 1367 transfert.

545 1519 823 1582 PRAEFATIO.

331 1693 385 1757 Est
400 1714 470 1756 vara
485 1689 591 1755 secta?
614 1703 643 1754 te
659 1691 804 1776 magister
819 1692 961 1754 consulo:

454 1797 605 1848 rectamne
621 1805 779 1848 servamus
795 1785 893 1860 fidem,

328 1902 365 1943 an
382 1879 518 1964 viperina
535 1901 592 1942 non
610 1899 750 1941 cavemus
768 1880 906 1959 dogmata

451 1984 482 2036 ct
497 1974 665 2038 nescientes
682 1972 832 2035 labimur?

329 2071 457 2147 „Artem
475 2069 582 2132 salutis
599 2068 652 2130 vix
670 2069 747 2131 viam
766 2069 938 2131 discernere
954 2078 1000 2128 est

449 2163 556 2238 „inter
572 2161 702 2225 reflexas
719 2161 860 2224 semitas:

328 2268 414 2334 „tam
431 2254 522 2318 multa
539 2265 667 2338 surgunt
683 2255 859 2338 perfidorum
878 2265 1016 2338 conpeta,

451 2352 566 2428 „tortis
583 2352 673 2434 polita
688 2352 855 2427 erroribnS,

327 2447 472 2530 „obliqua
488 2469 556 2511 sese
571 2459 734 2512 conserunt
750 2449 878 2510 divortia

450 2543 629 2619 „hincinde
647 2544 739 2606 textis
756 2542 871 2606 orbitis.
977 2547 980 2553 '
1218 2556 1247 2604 iu

114 2706 292 2763 argumentum
306 2704 346 2747 est
359 2697 417 2748 fidei
436 2699 569 2750 confessio
588 2699 620 2749 nd
633 2714 741 2765 pugnam
762 2706 853 2748 eontra
867 2699 947 2764 ipsius
961 2699 1046 2750 hostes
1060 2699 1101 2764 pie
1116 2699 1249 2762 religiose-

114 2785 162 2835 que
176 2784 236 2818 sese
249 2767 417 2830 accingentis.
450 2767 476 2817 id
491 2769 540 2818 sibi
553 2770 609 2818 vuit
630 2777 737 2820 metrum
752 2768 892 2818 heroicum.
925 2766 987 2818 Fide
1007 2775 1090 2818 autern
1105 2769 1246 2827 declarata,

114 2854 162 2888 non
184 2848 213 2889 nt
235 2837 390 2900 legionarius
408 2836 520 2888 clamore
539 2837 640 2888 subiato
661 2839 687 2887 in
707 2852 816 2904 pugnam
836 2844 910 2902 poeta
931 2837 1072 2903 abripitur,
1092 2837 1137 2888 sed
1155 2838 1247 2888 iambis

114 2908 210 2957 leniter
222 2913 265 2956 ast
285 2915 359 2956 acute
379 2905 576 2958 decurrentibus
597 2906 803 2956 adversariorum
822 2905 953 2956 vesaniam
972 2914 1092 2972 properat
1104 2907 1175 2971 prius
1189 2923 1247 2973 per-

113 2991 231 3026 censere.
337 2975 364 3024 2.
382 2981 476 3040 gerrico
491 2991 540 3026 om.
557 2986 598 3026 est
612 2976 706 3040 Prag.;
727 2980 784 3040 ipse
798 2990 845 3024 om.
862 2981 903 3024 esi
916 2973 971 3025 Gis.
1064 2976 1088 3024 3.
1104 2977 1247 3026 ebetberec

114 3061 137 3111 q.
248 3045 274 3094 t.
295 3043 910 3111 nominaW(supra)Laur.iliatbliutu.
1017 3045 1042 3094 6.
1069 3051 1149 3094 erarii·
1169 3044 1244 3108 Prag.

113 3130 136 3177 a,
152 3121 205 3165 tum
220 3113 292 3176 legas
305 3129 359 3164 cum
375 3130 389 3162 u
406 3114 459 3164 Per
472 3115 542 3178 quod
553 3131 658 3181 semper
671 3119 750 3166 crunt
760 3113 897 3180 gignenda
910 3119 938 3164 et
949 3113 1057 3164 tuecuiu
1074 3116 1193 3164 verbnm.

159 3185 184 3234 ῖ.
204 3186 282 3233 verbi
292 3188 334 3232 est
346 3199 362 3232 u
376 3181 486 3244 glossam
499 3184 576 3250 sapit.
724 3184 764 3234 tn.
778 3183 875 3246 fidelis
888 3183 949 3232 bon.
1073 3183 1114 3234 12.
1135 3197 1246 3247 corpore

111 3254 132 3301 Α
144 3252 165 3302 Ρ
178 3249 270 3316 Prag.,
286 3256 407 3317 tempora
432 3251 466 3302 W
480 3268 566 3318 supra.

179 3389 334 3453 Praesmio.
351 3389 504 3454 Hymnnst'n
518 3389 640 3451 infideles
649 3389 707 3438 Ata.
718 3389 800 3454 bugd.
813 3389 886 3440 Sicb.
896 3396 950 3438 tres
963 3385 1060 3438 Weitz.
1072 3386 1148 3439 Cbor.
1161 3386 1244 3437 eoeu.

115 3459 225 3520 Amstr„
248 3456 427 3522 Reprehensio
440 3458 593 3519 infidelium
607 3457 685 3509 Febr.
756 3459 781 3508 3.
796 3473 936 3508 servamus
949 3471 1026 3521 supra
1039 3456 1053 3506 i
1064 3471 1187 3506 cavemus
1200 3471 1225 3505 a.

161 3529 189 3576 t.
209 3531 361 3576 nescienter
372 3525 447 3588 Prcg.
463 3525 559 3577 Weiss.
582 3528 624 3576 ab
638 3527 646 3575 i
659 3543 682 3576 ru
696 3543 711 3592 q
724 3542 741 3576 u
762 3527 832 3576 Sieb.
842 3535 895 3576 tres
908 3525 927 3574 F
930 3526 984 3574 abr.
999 3523 1054 3574 Gis.
1070 3523 1166 3586 Weitz.
1182 3527 1244 3589 (oon

110 3593 175 3660 tta)
189 3595 269 3644 Cbor.
284 3593 368 3645 Poett.
385 3596 479 3644 Amstr.
639 3598 662 3646 5.
685 3599 758 3644 uiam
770 3600 819 3644 eia:
831 3602 929 3660 trunsp.
946 3594 1007 3643 Bnn.
1022 3611 1053 3650 u;
1074 3593 1244 3660 distinguere

110 3660 130 3708 Τ
143 3680 178 3727 α,
198 3664 351 3713 discernere
364 3679 440 3729 supra
453 3664 468 3714 d
480 3665 649 3728 distinguere
661 3679 686 3714 a.
828 3665 852 3713 t.
872 3664 930 3714 Iam
943 3679 957 3712 a
975 3663 1033 3724 (non
1047 3661 1157 3726 Laur.);
1184 3680 1245 3714 con·

107 3735 174 3792 peta
187 3732 207 3782 t
222 3749 241 3780 a
254 3749 268 3782 a
283 3732 298 3782 b
311 3749 333 3782 ur
347 3732 423 3795 Prag.
438 3730 495 3784 nat.
509 3731 605 3782 Weitz.
621 3733 705 3796 Obb.‚
732 3737 850 3796 compita
863 3733 945 3797 reiqq.
959 3732 1050 3797 scripti
1063 3740 1088 3782 et
1102 3733 1159 3782 edd.
1176 3731 1242 3798 [cn.

111 3795 150 3848 Ps.
166 3798 230 3850 849.
245 3801 272 3850 S.
289 3800 319 3863 ΙΙ,
334 3803 392 3852 775.
409 3801 517 3851 Salmas.
533 3801 626 3852 Exere.
642 3801 706 3852 Piin.
723 3802 753 3852 ad
768 3815 824 3866 cap.
839 3801 924 3864 xvii,
937 3817 962 3867 p.
978 3797 1051 3868 212}
1129 3802 1153 3853 9.
1172 3803 1243 3852 Obli-

109 3883 163 3930 qua
184 3883 241 3934 qua
261 3886 290 3918 ce
308 3870 428 3920 Torrent.
450 3869 525 3920 Febr.
549 3870 634 3934 Celti
662 3877 807 3920 conserunt·
824 3873 843 3921 Α
859 3869 913 3921 RT
933 3870 1008 3934 Prag.
1030 3869 1085 3920 eut.
1109 3869 1207 3922 Weiss.
1228 3873 1242 3920 b

109 3935 197 3987 Heius.
213 3935 293 4002 Obb.‚
313 3941 459 4005 conserunt
470 3957 488 3989 α
502 3955 518 3991 a
531 3941 538 3990 i
552 3955 575 3990 m
589 3956 603 4006 q
617 3956 632 3990 u
645 3955 702 3990 eum
716 3942 796 4005 retpq.
810 3940 869 3990 edd.

162 4075 203 4126 il.
225 4073 375 4142 eboricum]
406 4075 490 4128 Prima
519 4079 653 4144 producta,
752 4079 774 4127 1.
789 4075 873 4144 aenio]
887 4077 1037 4140 eiecturum,
1054 4073 1239 4126 eir.idin.Fei.

106 4149 133 4192 ut
146 4141 175 4194 P.
189 4143 264 4209 xiii,
280 4145 322 4209 ct,
345 4145 479 4198 Fortunat.
500 4148 533 4198 dc'
545 4147 571 4200 S.
586 4146 656 4198 Mur·
699 4145 785 4197 ext
811 4146 842 4200 de
863 4153 953 4196 uectae
973 4150 1028 4195 ium
1053 4151 1162 4195 nostrae
1187 4146 1242 4192 ein·

106 4212 162 4262 tina
178 4211 223 4264 tv.
698 4219 815 4268 caritate
839 4219 983 4267 consentio.
1014 4213 1148 4278 Magister
1170 4212 1241 4261 Heus

698 4291 747 4336 est.

178 4381 308 4434 Prudentius
322 4392 356 4435 ed.
371 4391 467 4435 bressei.
1012 4363 1032 4426 6
