3020 4832
287 293 347 356 776
645 291 722 346 uhu.
737 291 915 348 rultuutlull
929 295 1030 348 ctum,

285 537 287 542 ,
369 480 536 558 „corporis
551 481 678 544 humani
693 485 838 546 naturam
854 483 986 559 pristina
1001 483 1091 560 origo

370 574 536 652 „deseruit
550 588 736 652 carnemque
752 590 864 638 novam
879 577 929 638 vis
945 577 1041 638 artua
1058 577 1170 654 saevit,

370 673 491 746 „atque
506 670 637 745 innupta
652 667 755 734 Deum
770 673 912 748 concepit
926 672 1041 734 lomina
1059 667 1230 749 Christum,
1341 667 1347 684 '

282 779 314 830 rs
370 767 521 843 „mortali
538 767 576 829 tc
589 772 689 830 matre
704 769 858 831 hominem
874 770 927 832 seu
943 785 1013 832 cum
1028 773 1117 846 patre
1132 785 1257 834 numen.

366 859 469 940 „Inue
485 865 586 926 omnis
600 865 663 926 lam
678 864 749 926 diva
765 879 838 928 caro
854 870 911 942 est,
931 881 1010 943 quac
1025 867 1161 943 concipit
1175 868 1274 945 illum,

368 961 603 1034 „naturamque
619 955 676 1022 Del
692 961 848 1022 consortis
864 961 989 1023 loedere
1004 961 1112 1024 sumit.

368 1049 534 1128 „Verbum
549 1052 661 1129 quippe
676 1068 749 1114 caro
765 1055 894 1131 iactum,
912 1069 974 1116 non
990 1055 1111 1117 destitit
1125 1070 1195 1117 esse

371 1145 479 1222 „quot
495 1146 600 1210 luerat
612 1148 754 1225 vertum,
772 1149 845 1210 huin
861 1141 966 1212 carnis
983 1150 1121 1226 glutinat
1135 1163 1238 1226 usum,

370 1243 560 1320 „maiestate
574 1242 697 1318 pultem
713 1259 775 1306 non
792 1245 1001 1322 degenerante
1016 1261 1072 1323 per
1086 1260 1177 1309 usum

368 1339 512 1416 „carnis
531 1339 583 1399 seo
600 1339 731 1400 miseros
746 1339 784 1400 ad
800 1338 954 1401 nobiliora
968 1340 1123 1402 trahente.

371 1429 454 1511 „llle
470 1436 575 1495 manet
590 1434 670 1508 quod
687 1447 809 1509 semper
825 1437 904 1506 erat,
922 1433 1003 1509 quod
1019 1448 1081 1496 non
1097 1437 1165 1496 erat
1179 1449 1248 1496 esse

369 1530 565 1608 ,‚incipiens=
585 1545 653 1606 nos,
672 1531 752 1606 quot
770 1531 897 1607 luimus,
915 1531 977 1593 iam
993 1546 1054 1592 non
1070 1545 1180 1594 sumus
1195 1532 1278 1592 aucti

368 1625 552 1702 „nascendo
566 1626 598 1687 in
615 1625 744 1687 melius:
764 1625 839 1686 mihi
855 1627 989 1688 contulit
1003 1631 1035 1688 et
1049 1627 1108 1690 sihi
1123 1628 1248 1689 mansit.

369 1715 464 1796 „Nec
477 1716 565 1781 Deus
581 1733 621 1780 en
636 1721 753 1782 nostris
768 1720 882 1782 minuit
897 1734 966 1796 sua,
984 1723 1037 1782 seo
1054 1734 1113 1782 sua
1128 1721 1245 1784 nostris

367 1811 469 1888 „uum
482 1811 604 1889 tribuit,
622 1817 745 1874 nosmet
759 1813 839 1874 ‹lona
855 1813 894 1874 acl
909 1815 1055 1876 caelestia
1070 1815 1168 1878 vexit.

368 1902 486 1983 „Dona
500 1906 577 1968 haec
593 1911 677 1982 sunt,
697 1907 777 1982 quotl
794 1907 878 1968 victa
892 1907 977 1969 iaces
993 1908 1151 1970 luculenta
1167 1906 1288 1988 Libido,

368 2015 452 2082 „nec
468 2015 537 2062 mea
552 2004 623 2077 post
636 1998 769 2064 Mariam
786 2002 867 2077 potis
883 2016 917 2063 es
931 2002 1127 2079 perlilngerc
1142 2003 1222 2065 iura.

367 2093 445 2171 „Tu
460 2095 603 2172 princeps
618 2095 656 2156 acl
671 2096 782 2158 mortis
795 2096 868 2172 lter,
885 2099 921 2158 tu
935 2097 1029 2158 ianua
1044 2097 1111 2173 leti,

368 2203 526 2266 „corpora
541 2189 762 2252 conmaculans
778 2190 898 2252 animas
913 2191 946 2252 in
961 2195 1081 2254 tartara
1096 2192 1224 2268 mergis.

366 2281 483 2360 „Ahtle
498 2287 592 2360 caput
606 2283 690 2345 tristi
705 2285 767 2345 lam
783 2284 899 2361 trigita
912 2286 1011 2362 pestis
1026 2286 1160 2362 ahyss03

367 2378 500 2456 „occide
514 2379 734 2456 prostitutum,
752 2394 859 2442 manes
874 2383 955 2457 pete,
973 2380 1118 2442 claudere
1132 2382 1259 2442 Averno

366 2474 488 2551 „unque
503 2474 702 2536 tenebrosum
718 2475 819 2536 noctis
835 2473 1000 2539 uctruoere
1015 2475 1158 2538 lunium.

349 2647 392 2697 72.
403 2650 553 2712 pristinem
566 2649 644 2712 origo
656 2663 673 2712 g
685 2646 781 2698 (lauch.
795 2663 828 2698 ox
840 2647 968 2710 coniect,
984 2651 1107 2713 protana
1120 2653 1199 2712 uirgo
1212 2646 1297 2712 Aug„
1312 2651 1412 2714 pra'scn

277 2731 402 2782 propago
415 2716 472 2765 alt.
488 2713 569 2778 Lugii.
584 2713 717 2766 slohtres
731 2713 807 2766 Febr.
822 2713 878 2767 Gis.
894 2715 971 2769 Char.
985 2715 1069 2766 Poett.
1186 2715 1228 2766 73.
1244 2717 1412 2782 carniqucR

280 2799 321 2851 ap.
341 2783 446 2846 Heins.;
472 2787 593 2847 eatmpeit
609 2799 633 2834 w
651 2791 678 2834 et
694 2801 726 2834 ex
745 2786 854 2836 coniect.
868 2782 947 2836 Nehr.
970 2787 1001 2835 ad
1016 2801 1096 2836 oram.
1202 2785 1247 2864 75.
1260 2790 1412 2839 mortalem

282 2851 336 2902 Eri.
351 2852 415 2917 ²8⁰
429 2868 441 2901 r
454 2851 550 2903 Woitz.
679 2853 721 2903 76.
739 2853 811 2906 Unde
822 2869 862 2915 svp
882 2855 927 2905 dia
940 2853 1003 2920 (cir.
1017 2854 1044 2904 S.
1060 2854 1081 2918 l,
1096 2854 1139 2917 87)
1152 2869 1219 2903 conr.
1234 2852 1303 2904 cell.

315 2923 357 2972 77.
372 2919 573 2971 consortitur
592 2922 657 2983 Aug.
673 2921 728 2972 rut.
744 2939 763 2972 α
775 2920 794 2972 δ
806 2938 828 2972 rn
842 2938 857 2972 o
869 2922 947 2974 Areu.
963 2923 1045 2987 oth,
1070 2925 1194 2974 contorti
1203 2924 1335 2988 flecti
1344 2939 1361 2987 g
1374 2924 1413 2973 ir
1502 2925 1503 2988 3

280 2989 337 3040 hil.
352 2987 434 3053 Lugii.
454 2989 584 3040 Sich.trcs
604 2989 682 3041 ultr.
702 2989 757 3042 Gis.
772 2991 867 3043 Weitz.
890 2992 967 3043 Cher.
990 2991 1075 3043 Poett.
1093 2993 1190 3042 Amstr.
1210 2991 1301 3042 Heius.
1316 2992 1411 3042 Chnm.
1502 3021 1503 3024 =

280 3058 366 3122 ecil.;
383 3061 504 3124 sumpsit
514 3059 580 3121 Aug.
597 3060 607 3108 l
621 3075 639 3107 α
651 3075 665 3110 o
678 3058 691 3109 i
699 3075 731 3110 w,
840 3061 881 3112 78.
902 3059 1073 3126 Verbumquc
1085 3061 1147 3111 ticin
1159 3075 1222 3111 caro
1234 3065 1273 3125 ³3
1291 3063 1414 3128 sactum

278 3132 358 3194 cctss.
477 3127 519 3177 79.
540 3127 1413 3194 ἀαηισανηίεηῑοτᾳυοΙὶΑιις.Ριιῑ.αοδε975ωο77707778.

277 3195 355 3247 Arov.
371 3195 435 3248 Ohh.
443 3233 452 3259 ‚
477 3199 567 3246 camis
579 3197 642 3247 dum
657 3196 766 3262 pinio.
781 3197 862 3262 Lngd.
883 3198 952 3248 Sich.
962 3207 1016 3249 tros
1036 3198 1111 3250 uati.
1133 3196 1189 3248 uls.
1203 3197 1304 3249 Weitz.
1326 3199 1411 3249 Cher.

280 3265 556 3316 Poettihmstucoll.
644 3267 686 3316 83.
707 3269 829 3316 actico.
918 3269 960 3318 86.
976 3268 1045 3318 dono
1059 3284 1081 3331 r,
1095 3267 1183 3333 probo.
1285 3270 1329 3319 87.
1343 3272 1414 3333 quie

278 3335 337 3386 hil.
356 3334 440 3400 Lusci.
460 3334 593 3384 slohtres
613 3333 690 3385 Febr.
711 3335 789 3385 Cher.
804 3335 904 3396 Poett.,
924 3341 1000 3402 queis
1013 3334 1087 3396 Gis.;
1116 3337 1298 3398 luculentae,
1319 3338 1414 3387 linctu-

278 3404 353 3455 Icuta
366 3404 383 3454 Ι.
489 3404 531 3454 88.
550 3407 656 3470 poteris
668 3404 731 3468 ling.
748 3405 783 3454 lc
794 3408 830 3468 9,
846 3410 971 3471 potueris
982 3406 1029 3468 2ο,
1046 3410 1163 3472 petisses
1176 3405 1201 3467 Ι;
1216 3411 1416 3472 perstringere

279 3471 334 3524 lter.
350 3473 363 3523 7
372 3489 385 3523 r
397 3473 456 3523 All.
471 3471 552 3536 Lngd.
636 3473 679 3523 89.
691 3488 820 3538 praeceps
833 3474 891 3524 litt.
906 3477 967 3536 (non
980 3473 1073 3539 Lugd.)
1089 3472 1166 3524 Nehr.
1181 3471 1314 3526 slohtres
1328 3475 1391 3528 Gis.
1405 3477 1413 3526 Ι

278 3541 355 3592 Char.
370 3541 456 3593 Poett.
470 3546 584 3605 Amstr.;
604 3544 689 3592 ianua
701 3541 797 3608 absque
811 3547 842 3594 tu
854 3558 877 3593 c.
991 3543 1035 3592 99.
1050 3543 1221 3593 conmaculae
1233 3551 1343 3610 uterquc
1358 3543 1415 3610 lte

277 3625 291 3659 c
305 3609 317 3660 l
327 3610 350 3673 l;
369 3613 461 3660 micus
473 3625 550 3678 supra
561 3611 592 3661 ci
604 3615 706 3676 mergis
717 3615 743 3676 β.
866 3612 908 3662 91.
916 3612 1032 3678 fervido
1043 3616 1128 3678 poetis
1141 3611 1200 3661 All.
1216 3611 1298 3676 Lugii.

312 3679 355 3729 92.
372 3680 528 3744 prostituto
543 3681 585 3730 lc.

331 3831 373 3880 79.
388 3831 506 3898 eororam]
525 3833 637 3896 „cum
658 3832 820 3884 animadver·
861 3832 1050 3886 Tertullianum
1072 3843 1099 3887 ot
1122 3835 1418 3902 Antldicomarinnitas‚

276 3899 326 3963 tit,
352 3915 429 3964 agero
458 3909 557 3966 poetam
583 3903 708 3952 adversus
732 3901 819 3953 Photi-
862 3904 904 3969 qui
929 3903 1085 3968 credebant,
1116 3903 1222 3955 Mariam
1249 3920 1297 3954 non
1324 3905 1417 3958 inim

277 3969 367 4019 nianos
383 3967 674 4036 cisa-osatenos‚qui
689 3971 818 4022 Christum
860 3981 918 4038 post
940 3980 1041 4039 portum
1064 3973 1200 4037 virginem.
1234 3971 1321 4040 imque
1347 3974 1420 4030 iure

275 4054 371 4088 nicrum
383 4053 440 4088 esse
453 4039 577 4089 hominem
591 4039 755 4090 honorabant:
779 4056 818 4091 rc·
861 4040 1086 4110 psychomachiam
1104 4045 1172 4092 inter
1190 4057 1221 4092 ee
1236 4048 1354 4094 cornino
1371 4060 1421 4097 rc-

277 4107 361 4158 l'ntare
374 4106 566 4173 Carpocratem,
581 4108 711 4172 unione,
727 4110 817 4160 Corin·
859 4112 992 4176 ponimns,
1024 4111 1055 4161 (lc
1086 4113 1178 4177 quihus
1201 4111 1357 4164 Prudentius
1388 4115 1420 4166 in

275 4179 356 4240 thum,
370 4178 414 4244 qni
428 4176 665 4241 lesamexlosephi
678 4185 704 4226 et
718 4177 817 4229 Mariae
860 4179 982 4243 Prologo:
1020 4181 1127 4246 Prtgnct
1156 4185 1254 4232 eontra
1287 4184 1422 4250 haeses,

274 4249 393 4312 coniugio
423 4255 567 4299 ceterorum
596 4245 722 4296 honinem
746 4261 817 4298 more
861 4250 1021 4300 catholicam
1032 4249 1398 4314 detectiotfidcmst‘drev.

274 4317 433 4383 progenitum
470 4317 628 4367 docuerunt:
672 4329 816 4382 oppugnare
