3016 4832
245 249 307 308 456

608 248 683 300 adu.
700 249 879 302 ruuuudrlt
894 251 995 302 ctuu.

248 457 279 504 as
331 441 425 507 Nunc
441 445 578 519 pretiosa
593 447 657 507 rult
672 459 728 522 per
742 459 898 508 marmora
913 447 1110 524 lubricatque
1126 449 1254 527 clivum,

413 541 510 602 donec
525 543 639 604 virenti
656 543 784 604 lluctuet
799 543 953 618 colymbo.

333 630 467 695 Interior
482 636 594 697 tumuli
610 651 682 710 pars
698 640 763 713 est‚·
776 637 828 697 ubl
843 637 984 712 lapsibus
1000 639 1122 699 sonoris

413 732 560 803 stagnum
577 729 672 790 nivali
688 730 826 791 volvitur
840 730 1005 805 probando.

333 819 515 885 omnicolor
536 823 652 884 vitreas
668 824 789 899 pictura
806 837 940 900 superne
955 824 1050 899 tingit
1065 825 1175 901 undas,

247 932 280 980 lo

418 919 517 980 musci
534 918 675 980 relucent
690 923 721 979 et
737 919 864 980 virescit
879 933 1001 981 aurum.

334 1010 546 1091 Cyaneusque
562 1015 645 1075 latex
664 1017 802 1077 umbram
818 1015 917 1076 trabit
931 1015 1113 1076 inminentis
1128 1017 1225 1078 ost1i=

412 1111 521 1172 eredas
537 1111 655 1170 moveri
670 1110 815 1172 ductibus

831 1110 971 1172 lacunar.

333 1205 447 1269 Pastor
462 1221 537 1266 oves
553 1207 609 1266 alil
624 1208 690 1281 ipse
705 1207 769 1267 illle
784 1206 879 1283 gelidi
894 1207 1000 1281 rigore
1016 1205 1124 1280 tontis,

413 1303 499 1363 videt
514 1303 603 1363 sitire
619 1317 697 1377 quas
713 1302 830 1364 ltuenta
846 1297 978 1364 Christi.

249 1411 280 1458 45
334 1395 429 1459 Parte
444 1399 504 1461 alia
520 1399 644 1460 titulum
661 1395 752 1460 Pauli
767 1400 817 1460 via

835 1401 941 1460 servat
956 1393 1124 1471 Ostiensis

413 1509 473 1570 qua
490 1495 619 1570 stringit
634 1497 735 1557 amnis
751 1496 919 1570 caespitem
936 1495 1110 1555 sinistrum.

336 1583 434 1662 Regia
451 1601 560 1662 pompa
579 1586 637 1647 loci
653 1590 713 1663 est,
731 1587 876 1663 princeps
892 1587 991 1646 bonus
1007 1586 1063 1646 bas
1079 1586 1217 1647 sacravit
1230 1601 1320 1648 arces

319 1741 361 1790 35.
386 1741 501 1806 Tacap3
521 1742 706 1804 marmurab,
735 1757 878 1792 murmura
900 1743 943 1792 lm
963 1741 1020 1790 ald.
1040 1739 1140 1804 Lugd.;
1159 1743 1377 1808 rubricatqueu3

250 1812 317 1860 cliuo
331 1809 362 1859 0.

503 1810 544 1859 36.
565 1814 663 1860 uirenti
675 1826 706 1875 p3
726 1810 849 1878 colymbo
867 1810 889 1860 Α
903 1809 922 1859 R
937 1810 1013 1860 Laur.
1029 1809 1103 1872 Prag.
1117 1811 1183 1860 tac
1199 1811 1212 1859 b
1226 1825 1248 1860 m
1263 1827 1277 1875 q
1290 1827 1306 1858 u
1320 1811 1376 1860 ula.

250 1879 333 1942 Lngd.
355 1877 490 1928 Sicb.tres
509 1877 588 1929 Faba.
609 1878 662 1928 Gis.
678 1877 774 1930 Weitz.
796 1881 872 1930 Cbor.
894 1878 976 1930 Poett.
998 1879 1092 1928 Amstr.
1116 1878 1204 1928 lleins.
1219 1879 1285 1928 Cell.
1302 1882 1376 1928 brev.

241 1947 317 2066 341).
317 1984 334 2066 h,
354 1948 481 2014 carpenda
498 1945 551 1996 ET
566 1949 604 1996 la
625 1946 680 1998 Gis.
702 1949 732 1997 ad
747 1964 827 1998 oram.

271 2031 315 2066 arr
337 2053 342 2066 .

251 2155 307 2204 ald.
324 2154 406 2218 Lngd.
431 2219 433 2232 Ι
511 2157 553 2204 li.
574 2153 709 2220 Regi1a3
728 2156 778 2204 dac
793 2155 828 2218 E,

302 2286 345 2335 43.
361 2280 471 2349 Pastor]
486 2283 582 2333 Petras
596 2283 644 2333 iso.
661 2282 791 2333 Fortassis

252 2354 348 2404 rectius
362 2354 496 2415 Christus,
513 2352 555 2417 qni
568 2353 636 2402 inter
650 2351 792 2420 baptisterii

251 2425 364 2489 picturas
384 2429 410 2472 et
422 2421 522 2471 musiva
540 2436 616 2487 opera
636 2423 660 2470 in
681 2421 737 2472 saxi
751 2437 793 2471 su-

252 2491 358 2558 percilio
372 2499 444 2540 stans
457 2491 625 2553 cernebatur,
648 2506 722 2556 equo
736 2506 794 2540 sca-

252 2561 382 2611 turiebant
401 2575 498 2625 aquae:
524 2559 613 2610 lideles
633 2567 718 2610 autam
738 2574 793 2609 saa·

252 2629 355 2695 pissime
375 2644 436 2678 oves
455 2628 653 2692 elligiebantur‚
675 2643 740 2694 qnae
760 2628 794 2678 si-

251 2700 347 2749 tientes
360 2698 391 2747 ad
404 2712 461 2747 eum
476 2699 625 2748 adcurrunt.

302 2769 346 2816 45.
374 2764 497 2832 titutum]
529 2766 670 2817 communis
696 2765 793 2830 signiti-

253 2839 321 2884 catio
335 2843 375 2884 est
388 2835 521 2899 inscriptio
534 2834 700 2900 sepulcralis,
719 2841 747 2884 ut
761 2835 791 2896 V,

254 2905 320 2966 392,
343 2902 390 2965 xl,
404 2903 429 2952 3.
451 2903 522 2951 Haud
545 2919 604 2953 raro
617 2904 694 2953 etiam
708 2919 794 2953 monu-

254 2978 365 3022 mentum
390 2971 524 3036 sepulchro
549 2973 737 3038 superpositum
757 2973 794 3037 ip-

254 3056 356 3107 samque
396 3040 532 3090 ecelesiam
561 3040 681 3108 martyris
711 3048 792 3091 notat.

256 3110 367 3159 Eundem
381 3110 482 3159 dicendi
502 3109 599 3160 modum
614 3110 696 3160 adbuc
708 3118 796 3160 servat

255 3179 365 3228 Romana
380 3178 459 3228 Curia
471 3178 496 3228 in
511 3179 609 3243 titulis,
631 3194 691 3243 quos
705 3177 795 3229 Cardi-

254 3249 356 3299 nalibus
370 3255 488 3298 recenter
500 3249 596 3298 creatis
609 3249 734 3311 adsignat.

306 3319 349 3367 tt.
380 3321 507 3380 princeps
533 3315 628 3383 donare]
663 3319 794 3368 Constan-

255 3391 328 3436 tinus
348 3386 397 3436 iso.
428 3385 569 3451 tequidem
592 3395 702 3435 aeteram
723 3385 795 3434 Pauli

254 3457 357 3505 tilulum
376 3448 498 3504 sacravit.
530 3453 688 3504 Theodosius
711 3462 795 3505 autem

254 3524 377 3574 Sallustio
397 3523 480 3590 praei.
509 3523 570 3574 Urbi
595 3525 740 3589 praecepit,
766 3531 796 3573 ut

254 3592 385 3642 basilicam
408 3593 479 3655 regia
500 3593 673 3642 munificentia
695 3593 796 3654 erigen-

255 3663 312 3710 dam
349 3670 459 3722 euraret.
511 3661 599 3727 ltaque
635 3660 796 3711 Constantini

254 3730 371 3781 aedificic
402 3731 521 3780 demolito
550 3746 641 3779 novum
672 3732 794 3780 surrexit.

255 3800 341 3849 Tenon
370 3801 543 3849 memorabilis
574 3799 649 3849 istius
674 3799 795 3865 rescripti

254 3869 295 3918 iric
308 3875 363 3918 est:
385 3867 621 3930 ‚‚anentininnns,
635 3866 795 3918 Theodosius

253 3946 279 3988 at
304 3937 430 3987 Arcadius
455 3938 541 3986 ΑΑΑ.
570 3938 693 3986 Sallustio
721 3937 795 3987 Urbis

254 4007 396 4057 Praefecto,
424 4005 636 4056 desiderantibus
650 4005 721 4056 nobis
734 4022 794 4056 eon-

253 4076 416 4142 templatiouc
439 4076 630 4136 venerationis,
656 4075 794 4139 antiquitus

254 4145 302 4194 iam
328 4151 455 4195 sacratam
478 4144 610 4194 basilicam
633 4143 703 4193 Pauli
727 4145 794 4208 Apo-

459 2017 501 2067 39.
522 2017 638 2080 superba
652 2017 766 2080 Caaeb.;
787 2021 890 2081 tinguat
904 2035 921 2066 a
935 2032 957 2066 rn
972 2033 995 2083 q.

251 2103 268 2134 a
282 2101 297 2134 a
309 2102 326 2134 u
339 2085 400 2148 (non
415 2084 442 2149 q)
459 2084 518 2135 llll.
533 2084 632 2149 Lugd.;
652 2102 719 2150 paras
731 2091 812 2135 sitire
830 2088 881 2136 inv.
897 2085 927 2136 lt.

968 1949 1008 1998 38.
1031 1949 1119 1996 nirata
1133 1947 1152 1995 ii
1166 1947 1242 2010 Prag.
1259 1946 1317 1996 liat.
1336 1949 1377 1997 lm

1108 2017 1150 2065 44.
1171 2016 1251 2067 Vidit
1264 2017 1284 2065 E
1299 2016 1378 2066 Laus.

1043 2087 1084 2135 45.
1106 2085 1188 2134 Pauli
1200 2085 1312 2136 citatam
1327 2087 1378 2135 inv.

848 2156 889 2204 dis
904 2157 958 2217 lca
978 2159 1052 2204 artes
1065 2171 1092 2203 u.

836 2283 967 2349 pblicam,
998 2291 1024 2332 et
1054 2298 1098 2348 pro
1124 2281 1210 2332 studio
1235 2283 1381 2332 devolionis

836 2352 970 2402 attollere:
986 2360 1085 2414 gratnm
1104 2349 1152 2401 luit
1165 2359 1226 2400 tuae
1240 2351 1381 2401 sublimita-

836 2422 870 2471 tis
884 2420 1013 2485 cilicium,
1028 2421 1093 2487 quod
1107 2421 1138 2470 ad
1151 2421 1313 2486 inspicienda
1327 2422 1381 2470 nni-

836 2505 930 2548 versa,
944 2498 972 2540 ut
987 2506 1027 2540 res
1041 2489 1179 2554 exigebat,
1200 2489 1335 2552 detulisti,
1355 2497 1381 2539 et

837 2575 935 2609 omnem
949 2561 1027 2610 situm
1044 2559 1206 2623 locorumque
1220 2558 1315 2608 taciem
1327 2571 1382 2608 ser·

837 2629 919 2678 monis
932 2628 1036 2691 congrui
1048 2627 1182 2691 diligentia
1193 2635 1298 2677 nostrae
1312 2643 1382 2677 sere·

838 2697 926 2748 nitatis
946 2697 1052 2746 auribus
1070 2696 1204 2746 intimasti.
1231 2695 1383 2746 instructio·

837 2782 878 2816 res
891 2767 958 2816 coitu
972 2782 1018 2816 nos
1032 2765 1119 2816 iubere
1136 2766 1239 2827 decuit,
1263 2780 1328 2830 qnae
1341 2767 1380 2815 ia·

838 2835 919 2886 benda
940 2844 1009 2884 sunt.
1041 2832 1126 2899 Quare
1148 2835 1303 2899 participato
1321 2849 1380 2883 exa-

838 2905 979 2954 minaeum
1001 2903 1143 2953 venerabili
1165 2906 1319 2966 sacerdote,
1342 2903 1381 2952 in-

837 2973 982 3038 timatisque
996 2973 1127 3033 omnibus,
1142 2979 1168 3021 et
1181 2972 1383 3034 magnificentis-

837 3043 901 3092 simo
911 3042 993 3091 ordini
1004 3048 1030 3090 et
1040 3041 1187 3091 Christiano
1198 3044 1302 3106 popolo,
1318 3055 1382 3106 quae

839 3109 971 3173 iubemns3
991 3111 1137 3160 sablimitas
1150 3117 1192 3160 tua
1205 3125 1259 3160 rem
1274 3110 1381 3174 diligen-

838 3179 898 3230 tiori
916 3186 1029 3229 tractatu
1048 3186 1074 3228 et
1091 3178 1165 3244 plena
1192 3194 1277 3228 rerum
1301 3179 1383 3244 inspe-

839 3249 922 3298 ctione
939 3248 1078 3310 discntia13
1100 3263 1129 3296 ac
1146 3247 1167 3297 si
1187 3247 1320 3312 placuerit
1332 3255 1382 3298 tata

838 3317 930 3383 populo
944 3315 1141 3382 quamSenatui‚
1157 3317 1207 3365 iter
1216 3325 1304 3380 vetus,
1318 3317 1383 3381 quod

839 3386 963 3436 basilicae
984 3385 1108 3450 praeterit
1128 3386 1246 3448 dorsum,
1265 3385 1384 3452 quodque

839 3456 909 3521 ripae
918 3454 1022 3504 Tiberis
1032 3455 1113 3504 amnis
1126 3455 1239 3517 adiacet,
1252 3455 1384 3511 innovari.

839 3531 867 3574 ut
887 3538 1009 3589 praesens
1028 3523 1068 3572 via
1089 3523 1172 3589 spatio
1195 3522 1275 3573 laturi
1298 3523 1385 3591 operis

838 3595 995 3658 applicetur:
1020 3600 1128 3642 eatenus
1155 3607 1201 3656 per
1225 3593 1386 3642 architectos

840 3661 941 3712 laturae
956 3661 1079 3711 basilicae
1093 3659 1173 3724 dirige
1188 3660 1307 3726 formam,
1321 3675 1387 3727 qua·

839 3739 913 3781 tenus
933 3746 960 3780 se
981 3731 1106 3795 planicies
1127 3732 1287 3780 extructioni
1302 3729 1386 3779 artrica

839 3800 982 3866 protulerit,
998 3813 1028 3848 ne
1042 3799 1093 3848 ulia
1111 3799 1286 3862 inaequalitas
1300 3799 1386 3864 splen·

839 3871 925 3918 dorem
941 3868 1055 3918 lubricae
1070 3867 1291 3933 anrplilicentioris
1305 3867 1388 3917 subli-

838 3945 899 3988 met.
920 3937 961 3986 Sic
975 3937 1074 4002 quidem
1089 3938 1113 3985 in
1131 3939 1241 3986 omnium
1256 3936 1385 3988 moenium

839 4006 906 4058 iacie
920 4007 998 4055 decor
1011 4021 1122 4056 summus
1132 4012 1181 4069 cst,
1197 4021 1271 4070 quem
1282 4007 1386 4058 servari

837 4083 970 4141 oportere,
986 4075 1064 4140 prima
1078 4076 1165 4125 statim
1180 4074 1264 4126 fronte
1278 4089 1387 4138 magna·

838 4160 891 4194 rum
906 4145 1112 4194 aedificationum
1127 4143 1286 4194 demonstret
1300 4145 1388 4194 inlen-

254 4213 313 4261 stoli
335 4229 379 4279 pro
402 4214 570 4263 sanctimonia
596 4211 727 4275 religionis
752 4229 794 4261 or·
837 4215 908 4262 tin.“
927 4213 980 4264 Cir.
997 4213 1088 4263 Baron.
1100 4214 1131 4262 ad
1146 4214 1242 4274 mae,
1258 4211 1386 4264 numid.

255 4297 331 4341 nare,
357 4298 400 4346 pro
421 4284 565 4346 quantitate
584 4287 724 4331 conventus
743 4297 794 4330 arn-

839 4281 905 4332 idem
925 4283 1056 4348 inscriptio
1075 4281 1207 4332 confirmat
1225 4283 1387 4334 cubitalibus
