3054 4820
244 283 292 324 avt
672 277 934 332 praenuntiante.

246 474 305 516 nas
332 461 393 516 ato.
423 451 454 513 in
487 450 550 513 loll.
579 459 718 534 quatern.
744 456 783 511 54
814 448 967 513 desinens.
1009 447 1221 535 Inscriptiones
1246 449 1381 514 tetrasti-

247 547 388 625 chorum,
415 555 542 629 excepta
569 544 681 628 prima,
709 564 796 607 mann
820 544 977 630 scriptoris
1000 547 1107 610 aetatis
1132 544 1286 610 inferioris
1311 566 1382 629 sup·

246 645 356 729 pletae.
387 640 671 726 APspcbomacbia
693 661 797 705 omnes
813 643 935 705 omniuo
951 641 1069 706 absunt.
1109 644 1263 708 Examina
1279 653 1327 706 est
1349 646 1382 706 in

248 741 419 805 membrana
442 738 586 817 eandida,
618 737 732 801 mendis
755 758 829 802 vero
853 747 960 802 scatet.
1000 740 1045 803 De
1074 737 1140 801 eius
1168 735 1285 819 origine
1315 736 1380 798 vid.

248 839 315 902 cod.
338 835 429 900 Alex.
451 841 543 897 1835.

335 931 408 994 Col.
431 952 516 994 aaronis
540 930 663 994 membr.
687 930 751 993 loll.
776 938 794 992 4
816 942 954 1014 quatern.
979 949 1039 994 sec.
1056 927 1128 994 Xlll
1150 925 1291 990 exeuntis
1316 925 1383 990 bic

249 1026 395 1090 toobaeon
412 1024 571 1088 continens
587 1024 668 1087 inter
682 1023 823 1089 meliores
836 1026 1040 1090 recensendus
1051 1035 1107 1090 est.
1136 1021 1284 1086 Carminis
1301 1022 1382 1086 eins·

248 1140 305 1204 que
328 1116 572 1182 tetrastichorum
593 1115 807 1202 inscriptiones
836 1120 1068 1182 commentarius
1096 1115 1220 1180 criticus
1242 1124 1384 1178 accurate

249 1234 412 1300 expressas
429 1211 594 1296 praebebit.

336 1308 410 1370 Col.
438 1305 542 1369 Ottob.
564 1312 643 1368 1297
668 1305 794 1369 membr.
820 1305 871 1369 iol.
898 1326 960 1370 sec.
982 1305 1056 1369 XlV
1076 1305 1206 1368 ineuntis
1230 1303 1287 1367 luit
1311 1303 1383 1366 olim

251 1401 372 1466 loannis
387 1399 495 1481 Angeli
512 1399 602 1462 Ducis
625 1400 661 1462 ab
684 1399 849 1484 Altaemps.
879 1399 1010 1485 Aspeetu
1034 1401 1157 1484 elegans
1181 1411 1247 1476 est,
1270 1399 1323 1462 secl
1345 1399 1384 1462 ad

250 1495 467 1558 emendandum
484 1494 680 1558 Dittocbaeon
703 1495 781 1578 quod
797 1495 932 1559 coratinet
946 1517 1049 1579 parum
1074 1495 1168 1558 utilis.
1200 1494 1291 1558 Tituli
1315 1514 1383 1556 cnm

250 1589 379 1672 receptis
396 1609 455 1650 non
472 1599 653 1671 congruunt.
687 1588 880 1654 inscribitur:
905 1590 1025 1676 Incipit
1047 1591 1126 1654 liber
1142 1589 1322 1653 Prudentiii
1350 1588 1387 1650 id

251 1693 299 1745 est
313 1685 453 1747 columba
468 1685 543 1745 noni
555 1692 588 1746 et
600 1685 715 1746 caterio
731 1688 916 1747 testamenti.
936 1684 1091 1749 Accedunt
1107 1683 1313 1747 commentarii
1328 1684 1384 1746 secl

250 1777 344 1861 inepti
360 1797 459 1859 exque
474 1777 648 1861 interpretis
663 1777 818 1862 ingeniolo
834 1779 903 1842 lnsi.

338 1870 371 1933 ln
388 1869 556 1934 breviario
579 1891 644 1932 meo
661 1870 786 1933 membr.
811 1871 873 1934 loll.
891 1873 999 1936 maior.
1024 1893 1086 1938 sec.
1104 1871 1176 1936 XlV
1196 1870 1330 1934 ineuntis
1345 1873 1385 1935 ad

251 1986 336 2030 usum
352 1964 492 2030 basilicae
505 1965 668 2029 Vaticanae
683 1965 895 2028 canonicorum
909 1985 1017 2029 versus
1032 1964 1146 2051 aliquot
1159 1965 1195 2030 etl
1211 1964 1279 2030 libri
1293 1963 1382 2028 Catb.

252 2058 353 2144 hymn.
372 2059 397 2122 ll
413 2061 525 2123 contuli
542 2081 597 2124 suo
612 2059 679 2123 loeo
695 2058 880 2121 indicandos.

339 2155 413 2217 Cod.
434 2155 537 2219 Ottob.
554 2163 633 2218 1193
650 2156 747 2217 cbart.
765 2155 853 2217 lorm.
871 2164 972 2217 octon.
986 2155 1154 2236 pertinebat
1168 2155 1238 2218 olim
1254 2156 1291 2218 ad
1307 2155 1382 2218 bibl.

254 2249 374 2312 ioannis
398 2250 504 2331 Angeli
525 2249 615 2314 Ducis
637 2249 673 2312 ab
696 2247 861 2333 Altaemps.
889 2249 1031 2312 Continet
1050 2260 1150 2313 autem
1174 2251 1260 2313 varia
1275 2250 1383 2326 multa,

253 2363 292 2406 ex
317 2343 422 2425 quibus
446 2343 649 2407 Prudentiana
669 2343 787 2426 quidem
810 2352 990 2406 annotabo
1013 2343 1124 2428 scripta
1147 2353 1238 2407 sunta
1260 2343 1289 2406 id
1305 2345 1385 2426 quod

252 2462 293 2505 ex
310 2442 411 2505 notula
427 2463 456 2525 p.
478 2448 536 2504 165
554 2442 686 2506 eiusdem
710 2461 816 2504 manns
837 2440 1024 2522 colligimus,
1047 2459 1124 2524 qnae
1139 2440 1385 2505 tetrastichorum

253 2535 379 2618 primum
402 2543 432 2595 et
454 2535 614 2597 secundum
644 2554 710 2597 cum
741 2532 827 2596 initio
850 2533 932 2596 tertii
953 2535 1105 2598 exaravit.
1144 2534 1386 2598 Commentarius

253 2638 350 2690 autem
368 2626 404 2690 ab
421 2649 476 2703 eo,
500 2647 588 2710 quem
605 2628 728 2692 exbibet
748 2628 815 2690 cod.
834 2627 934 2690 Ottob.
957 2635 1056 2706 1220,
1080 2648 1140 2691 non
1164 2628 1275 2692 differt.
1293 2629 1387 2692 Prae·

253 2721 331 2784 cedit
347 2719 447 2784 autem
462 2721 660 2786 Dittocbaeon
675 2721 824 2803 integrum
841 2721 899 2787 alia
916 2741 1005 2785 manu
1020 2725 1161 2808 seriptum
1178 2743 1205 2806 p.
1226 2729 1297 2786 108.
1315 2722 1385 2786 Non

253 2825 299 2877 cst
314 2815 409 2877 bonae
424 2815 531 2898 frugis.

339 2916 412 2980 Cod.
433 2916 471 2980 V
468 2918 677 2981 alla'cellianus
692 2915 714 2978 l.
734 2915 872 2997 (Romae)
890 2917 1013 2980 membr.
1038 2937 1098 2979 sec.
1118 2917 1190 2980 XlV
1205 2916 1337 2980 incuntis
1352 2917 1387 2980 in

253 3014 316 3077 loll.
335 3024 436 3076 oeten.
450 3019 574 3076 58...67
592 3011 730 3097 praebuit
742 3012 940 3076 Dittochaeon
957 3035 1022 3077 curn
1034 3013 1258 3077 commentario.
1277 3010 1385 3074 Codex

254 3107 329 3170 satis
345 3117 499 3170 correctns
523 3116 581 3170 est.
614 3106 708 3169 index
724 3107 885 3189 praevius:
914 3106 1063 3196 Carnu‘nn
1081 3106 1115 3171 S.
1133 3107 1302 3190 Prosperi,
1324 3104 1387 3169 Ca-

254 3203 335 3265 tonis
365 3210 398 3263 et
419 3198 585 3264 Prudentii
610 3220 676 3264 eum
706 3203 927 3264 commentario
956 3200 1110 3265 Auctoris
1131 3198 1295 3285 Anonymi
1314 3200 1384 3276 (lol.

254 3297 407 3376 58...6t).
432 3293 534 3378 Esapi
545 3293 687 3358 Fabulae
703 3293 749 3356 A.
772 3293 889 3358 Salano
905 3293 1070 3357 Parmensi
1085 3294 1242 3358 Versibus
1263 3295 1386 3377 clogia-

253 3394 299 3454 cis
314 3391 474 3454 latinitate
489 3390 635 3453 donatae.

339 3495 413 3560 Cod.
438 3491 684 3558 Vallicellianus
707 3492 746 3556 ll.
776 3497 901 3557 membr.
925 3515 988 3558 see.
1012 3493 1086 3557 XIV
1114 3494 1246 3559 ineuntis
1270 3495 1387 3556 lormae

253 3596 353 3650 octon.
369 3586 444 3650 min.
462 3585 597 3649 continet
619 3583 838 3652 Dittocbaeon:
863 3589 981 3672 Incipit
998 3583 1096 3651 Liber
1111 3585 1281 3671 Prandentij
1300 3587 1387 3650 dara·

247 3678 329 3763 pbri
351 3677 407 3740 eale
429 3675 520 3739 adam
548 3687 579 3740 at
597 3698 673 3755 aaa,
697 3679 727 3740 in
749 3679 826 3742 line:
848 3680 996 3764 capitata
1019 3680 1100 3742 liber
1110 3679 1279 3765 prandentis
1298 3677 1388 3741 diro-

247 3771 328 3856 pltei
343 3771 422 3833 aleo.
445 3774 572 3856 gratias
588 3770 705 3836 Amen.
735 3773 934 3837 Tetrasticbis
957 3774 1035 3837 tituli
1051 3773 1190 3858 praefixi.
1231 3770 1304 3836 Cod.
1324 3793 1387 3834 non

252 3868 520 3948 contempnendus.
562 3866 668 3930 insunt
690 3889 825 3951 quoqne:
858 3868 992 3932 Lucani.
1019 3868 1148 3933 Poetae.
1180 3869 1286 3932 Libri.
1320 3867 1384 3930 lla.

252 3959 355 4026 Bello.
381 3957 529 4023 Plaursal.
553 3960 723 4042 Magistri.
745 3961 869 4026 Mauri.
887 3963 1046 4048 Regulae.
1076 3962 1269 4027 Medicinae.
1287 3959 1388 4025 Dios-

252 4053 383 4118 curidis.
410 4054 522 4119 Liber.
558 4055 687 4119 Tibulli.
722 4058 883 4124 Carmina.
917 4060 1021 4123 Pauli.
1047 4061 1193 4126 Diaconi.
1227 4059 1385 4122 Historia.

164 4167 166 4171 ·
252 4148 549 4235 Langobardorum.
578 4149 741 4217 Tbeotlali.
758 4153 917 4239 Eulogae.
944 4153 1002 4216 De.
1022 4153 1189 4218 Paradiso.
1211 4154 1384 4218 Terrestri.

251 4265 318 4310 cunr
336 4247 490 4310 Adnotat.
509 4247 632 4309 incerti.
651 4244 732 4308 Aut.
751 4245 864 4308 Persii.
884 4245 1032 4332 Satyron.
1052 4269 1121 4312 cunc
1135 4248 1242 4311 adnot.
1261 4247 1385 4310 Aucto·
