3020 4832
594 303 813 356 nuorhuosls

229 497 301 556 nate
316 489 394 568 Deo,
413 495 486 563 nate
501 492 632 566 sceptris
649 495 681 552 et
694 491 836 568 germine
850 488 962 566 David,

230 589 301 665 quis
317 589 378 664 sis,
396 587 468 664 quid
485 587 611 648 venias:
630 601 690 662 qua
707 601 764 649 nos
778 587 897 650 virtute
911 586 1057 662 repellas,

229 685 385 760 novimus,
403 685 619 757 adventusque
634 683 681 744 tui
696 687 819 745 terrore
835 683 986 744 iacemus.
1223 693 1274 742 420

296 775 392 854 Haec,
410 773 536 854 Iudaea,
554 781 626 838 tuas
642 791 703 838 vox
721 793 783 839 non
798 777 994 854 pervenitad
1011 777 1124 840 aures?

227 871 396 935 Pervenit:
416 877 549 935 mentem
567 874 697 935 sednon
714 875 891 949 penetravit
906 887 1037 948 egenam
1094 870 1102 894 '

228 969 319 1046 lueis,
339 975 370 1031 et
385 985 404 1030 a
418 970 527 1045 primls
545 969 664 1030 lo‘rihus
680 969 816 1032 disclusa
832 957 962 1044 relegit.

228 1064 342 1127 Audiit
355 1067 523 1128 adventum
540 1063 676 1141 Domini,
695 1081 787 1142 quem
803 1066 879 1126 solis
897 1063 1004 1126 Hiberi

227 1175 341 1237 vesper
356 1164 458 1237 hahet,
478 1177 590 1225 roseus
606 1167 637 1224 et
649 1177 740 1238 quern
756 1177 856 1224 novus
872 1162 988 1238 excipit
1003 1163 1103 1222 ortus.
1224 1170 1274 1219 ιιι

230 1253 368 1318 Laxavit
382 1255 548 1334 Scythicas
564 1259 657 1319 uerho
672 1261 856 1334 penetrante
870 1257 1000 1332 pruinas

227 1365 291 1413 von
308 1353 503 1429 evangelica,
522 1351 688 1430 Hyreanas
705 1367 829 1428 quoque
846 1351 967 1412 iervlda
982 1351 1108 1412 brumas

229 1446 334 1524 solvit,
353 1451 389 1509 ut
404 1453 519 1511 exutus
536 1450 637 1524 glacie
652 1450 714 1511 iam
731 1450 854 1510 mollior
869 1449 969 1509 amnis

229 1538 390 1606 Caucasea
407 1545 444 1605 de
459 1549 529 1606 eote
544 1545 622 1606 iluat
639 1542 837 1622 Rhodopeius
856 1543 991 1606 llehrus.

228 1635 441 1702 Mansuevere
457 1639 568 1714 Getae,
587 1641 758 1717 ierltasque
773 1646 905 1704 cruenta
922 1637 1033 1703 Geloni
1224 1647 1273 1696 nso

227 1733 309 1794 lacte
327 1749 412 1795 mero
428 1736 539 1797 sitiens
556 1737 713 1812 exanguia
728 1739 840 1812 pocula
855 1737 968 1798 miscet

229 1828 360 1889 libatura
379 1845 485 1892 sacros
503 1826 623 1892 Christi
640 1832 677 1891 de
693 1833 848 1908 sanguine
867 1835 978 1907 potus:

228 1927 316 1987 novit
332 1928 364 1985 et
379 1924 520 1987 Atlantis
536 1927 654 2001 pridem
671 1928 762 2002 plaga
778 1927 895 2003 perlida
911 1923 1029 2000 Mauri,

230 2019 343 2080 dedere
359 2019 490 2080 crinitos
507 2019 544 2079 ad
563 2014 683 2080 Christi
700 2020 811 2081 altaria
826 2034 931 2094 reges

291 2111 343 2174 Ex
358 2129 419 2189 quo
436 2113 599 2174 mortalem
615 2115 823 2189 praestrinxit
838 2114 968 2190 spiritus
984 2111 1100 2182 alvum,
1223 2120 1272 2170 nse

229 2208 360 2284 spiritus
375 2208 428 2274 ille
443 2205 513 2284 liei,
531 2205 618 2276 Deus
635 2212 666 2270 et
681 2223 715 2270 se
731 2223 861 2284 corpore
876 2207 986 2281 matris

228 2305 330 2366 induit
345 2308 439 2380 atque
454 2305 609 2366 hominem
626 2306 664 2365 de
679 2305 862 2380 virginitate
877 2303 1014 2366 creavit:
1049 2305 1051 2310 '

228 2396 379 2475 Delphica
394 2399 569 2476 dampnatis
586 2404 754 2461 tacuerunt
771 2399 909 2460 sortibus
925 2402 1026 2472 antra,

229 2510 292 2557 non
307 2496 448 2571 tripodas
465 2497 586 2557 cortina
602 2497 693 2572 tegit,
710 2510 771 2557 non
788 2499 912 2570 spumat
928 2493 1058 2554 anhelus

213 2633 275 2684 418.
296 2649 344 2682 nee
361 2637 386 2683 ie
399 2639 512 2700 sceptris
525 2651 555 2700 q,
570 2641 634 2684 oute
647 2651 682 2683 em
695 2637 809 2698 sceptris
823 2649 849 2695 u,
863 2637 927 2681 ante
940 2637 968 2680 et
980 2633 1096 2696 sceptris
1111 2625 1185 2678 Febr.
1201 2627 1256 2680 Gis.

177 2702 239 2752 419.
262 2703 327 2768 Quis
346 2709 400 2755 tres
420 2706 574 2752 vetustiores
595 2701 693 2752 Heinsii
715 2702 791 2752 Laur.
815 2700 872 2750 hat.
893 2715 937 2749 au
955 2700 1013 2748 hii.
1036 2697 1117 2762 Lugd.
1139 2699 1287 2748 Sientres

143 2771 199 2822 Gis.
217 2771 225 2820 l
240 2771 317 2820 Cher.
334 2771 419 2821 Poett.
432 2774 526 2822 illustr.
542 2772 608 2822 Cell.
624 2771 701 2834 ouh,
721 2772 775 2836 Qui
789 2769 893 2822 ll'laer.
907 2767 1004 2820 Weiss.
1019 2767 1115 2818 Cauch.
1127 2766 1203 2818 Fahr.
1216 2767 1271 2817 Gis.

143 2841 234 2893 licius.
254 2841 352 2902 Aren,
373 2840 476 2906 Quiriti
490 2841 509 2890 [d
523 2859 540 2890 α
553 2843 568 2890 h
581 2857 605 2889 ιιι
618 2857 633 2906 q
647 2839 743 2900 Weitz.
767 2838 864 2907 [Burni.
883 2839 915 2887 ad
935 2839 1040 2888 Anthol.
1056 2838 1075 2901 l,
1095 2853 1118 2902 p.
1133 2838 1193 2886 454.
1214 2842 1273 2904 quis

142 2910 195 2960 dei.
212 2907 285 2960 Cort.
300 2909 331 2958 ad
345 2909 440 2959 Lucan.
457 2907 512 2974 Vll,
522 2909 594 2976 5791.
710 2910 770 2960 421.
793 2915 854 2958 tuos
867 2906 942 2970 Prag.
958 2923 991 2973 q3
1010 2923 1064 2956 uooe
1077 2923 1142 2956 num
1155 2907 1202 2972 2q.
1267 2909 1269 2914 “

176 2978 238 3028 423.
260 2977 383 3028 discusso
397 2979 471 3040 Prag.
592 2977 652 3028 424.
673 2979 747 3028 solos
761 2994 775 3043 q
788 2979 849 3042 (non
863 2977 955 3037 Laur.)
969 2975 1027 3025 ald.
1042 2975 1123 3036 Lugd.
1139 2975 1208 3026 Sich.
1219 2983 1272 3024 tres

142 3047 221 3097 Cher.
236 3045 320 3097 Poett.
438 3047 495 3098 425.
518 3063 611 3097 roseus
624 3049 645 3097 h
660 3047 701 3096 ior
713 3063 727 3096 a
741 3048 755 3096 h
769 3063 791 3096 ιιι
806 3063 821 3112 q
835 3063 851 3095 u
865 3046 922 3098 uid.
937 3045 1018 3110 Lugd.
1040 3045 1173 3094 stannes
1193 3043 1270 3094 Fabr.

142 3115 198 3167 Gis.
216 3114 313 3168 weliz.
329 3115 404 3166 Cher.
418 3113 500 3166 Poctt.
515 3118 609 3164 Amstr.
625 3117 703 3166 Arev.
720 3113 784 3166 uhu.
802 3115 856 3182 (qui
870 3131 923 3164 eum
936 3115 994 3164 Aia.
1008 3114 1088 3177 Lugd.
1105 3113 1159 3164 Gis.
1174 3113 1270 3163 Weitz.

142 3185 222 3235 Cher.
239 3185 426 3234 roeteamssr.
441 3185 506 3233 male
522 3193 644 3234 commate
655 3185 791 3249 distinguit
803 3193 860 3250 post
872 3183 989 3247 roseus),
1004 3199 1093 3232 roseos
1109 3185 1156 3246 lo,
1171 3182 1274 3248 Vesper

143 3255 234 3316 hahet,
249 3269 340 3304 roseos
354 3259 381 3304 et
394 3258 443 3318 qui
454 3253 473 3302 R
485 3251 507 3302 T
518 3253 577 3304 Put.
592 3252 613 3303 'l'
623 3255 681 3304 irr.
697 3254 784 3304 Heins.
801 3255 866 3305 Call.
985 3252 1043 3301 428.
1058 3254 1173 3316 glaciem
1186 3249 1220 3314 N.

176 3324 239 3374 429.
253 3323 326 3389 fluit
339 3321 410 3386 Gis.;
431 3323 543 3372 Hiberus
556 3325 590 3384 Ἀ,
611 3325 712 3373 Hebros
726 3323 782 3373 Put.
895 3321 954 3372 430.
975 3321 1100 3384 gelonem
1115 3319 1191 3384 Prag.

211 3393 274 3442 432.
294 3407 372 3440 sacro
386 3391 416 3442 h.
540 3393 601 3442 433.
614 3392 727 3458 feruido
742 3391 774 3442 W
791 3389 891 3458 (supra)
907 3389 1005 3440 Weiiz.
1138 3391 1197 3439 435.
1210 3405 1273 3453 per-

140 3458 264 3512 strinxit
275 3459 297 3510 Α
310 3459 330 3509 E
344 3459 363 3510 P
377 3475 392 3510 a
405 3477 436 3522 u,
465 3461 508 3510 sed
520 3467 640 3525 promer.
654 3462 684 3525 (i.
701 3477 724 3510 e.
746 3461 860 3524 diruere)
882 3459 1013 3522 legendum
1035 3471 1090 3505 esse
1108 3457 1148 3508 hic
1166 3465 1193 3508 et
1211 3457 1270 3508 332.

141 3529 186 3580 Ps.
201 3531 252 3580 305
268 3536 318 3579 etc.
334 3531 364 3578 ad
380 3529 467 3579 Boeth.
482 3545 507 3595 p.
525 3531 572 3596 134
586 3531 674 3580 docuit
687 3528 763 3593 oth„
782 3525 1035 3595 praescripseratis
1150 3527 1209 3577 436.
1226 3527 1270 3594 Sp.

141 3600 188 3650 ille
201 3599 277 3649 Deus
290 3597 312 3647 Τ
325 3598 380 3648 Put.
397 3598 495 3655 Heius..
511 3599 541 3648 di
552 3596 585 3649 dt
598 3599 696 3649 Weiss.
800 3599 861 3647 438.
881 3601 1026 3645 iacuerunt
1039 3592 1090 3644 uit.
1107 3595 1123 3644 l.
1138 3596 1155 3644 l.
1170 3594 1270 3662 p.¹399;

141 3668 271 3718 sordidus
283 3682 309 3716 a.
412 3667 472 3717 439.
496 3668 622 3732 Contrip.
637 3671 674 3731 A3
695 3668 789 3731 tegith
805 3665 859 3716 Gis.
875 3664 969 3716 Weitz.
985 3663 1073 3714 Heius.
1089 3664 1176 3717 Chum.
1194 3665 1271 3730 ouh,

140 3737 247 3803 regilli
263 3735 296 3785 W
310 3735 386 3786 Lanr.
402 3753 419 3785 α
433 3751 447 3786 a
460 3751 484 3785 ιιι
497 3741 512 3802 q
525 3753 542 3786 u
562 3737 621 3788 hid.
637 3735 718 3802 Lngd.
735 3735 805 3786 Sich.
816 3744 870 3786 tres
892 3733 968 3784 rahe.
983 3733 1062 3782 Cher.
1078 3733 1160 3786 Poett.
1175 3738 1270 3787 Amstr.

139 3805 208 3857 Call.
224 3806 303 3856 Areu.

193 3917 257 3968 423.
282 3914 408 3982 sorites]
434 3921 542 3968 aurium
574 3923 686 3969 tuor-um
730 3915 896 3982 Undcipsuin
916 3916 1039 3982 tripodem
1058 3915 1270 3997 signifieatSncl.

140 3987 176 4051 ⁸¹·
192 4002 235 4054 ‘'¹''
250 3983 351 4138 Μ’,
608 4124 614 4136 ι
667 4123 672 4135 ,
730 3985 1272 4136 iuditiitalitltlthtthttss

140 4121 687 4257 ...tittttliltlttllhilili
731 4123 1269 4258 ltthittlillttftllttlili}

142 4262 174 4313 u.
190 4261 223 4313 N.
237 4259 366 4324 XXXIV,
384 4261 410 4326 3,
424 4262 449 4325 8,
465 4261 536 4326 Virg.
556 4263 621 4312 Aen.
641 4261 686 4326 lli,
730 4262 802 4327 Virg.
830 4266 892 4314 heu.
916 4262 961 4328 Vl,
986 4265 1034 4314 347
1135 4277 1219 4327 resque
1243 4266 1269 4310 to

142 4333 175 4383 92
194 4334 305 4400 mugire
326 4331 417 4398 adytis
436 4334 542 4384 cortina
561 4331 686 4382 reclusis.
730 4333 830 4384 Phoebi
840 4332 1071 4398 cortinaesqfslla'i.
