2994 4826
262 317 323 380 276
623 311 699 365 dliii.
715 311 895 366 ruubuilblt
912 313 1012 366 cuttu.

346 500 468 565 Nexuit
483 507 515 564 ci
530 503 663 564 domitos
681 503 819 564 iratema
834 503 866 565 in
882 503 985 564 vincla
1002 503 1135 580 redegit.

261 610 312 662 mo
409 597 537 661 Vivitur
551 599 727 674 omnigenis
744 601 773 660 in
791 599 943 676 partibus,
960 599 1042 661 baud
1060 613 1152 661 secus
1168 591 1247 662 acsi

347 692 432 752 cives
449 693 633 767 congenitos
650 692 816 753 concludat
832 693 993 754 moenibus
1010 695 1081 754 uuis

346 789 422 849 urbs
437 789 539 863 patria
556 793 650 864 atque
665 803 774 850 omnes
790 789 857 850 iare
872 791 1076 852 conciliemur
1090 791 1186 851 avito.

346 880 509 946 Distantes
524 885 653 961 regione
669 886 779 960 plagae
794 885 956 960 divisaque
971 890 1066 960 ponto

345 977 453 1038 littora
469 977 658 1039 conveniunt
674 985 758 1039 nuuc
773 993 828 1054 per
843 979 1019 1040 vadimonia
1035 979 1073 1039 ad
1088 992 1184 1040 unum

261 1085 311 1136 615
347 1077 378 1135 ei
394 1089 548 1135 conmune
565 1075 678 1149 lorum,
697 1084 780 1135 nunc
795 1088 851 1149 per
865 1076 1042 1135 conmercia
1057 1079 1088 1135 et
1103 1078 1199 1148 artes,

300 1203 302 1206 -
346 1172 383 1230 ad
400 1175 522 1232 coetum
538 1171 702 1245 celebrem,
722 1185 804 1231 nunc
819 1186 875 1246 per
888 1172 1025 1247 genialia
1041 1171 1143 1233 latiora

315 1289 318 1296 ·
346 1265 469 1326 externi
486 1265 522 1324 ad
539 1265 589 1325 ius
605 1265 770 1327 connubii:
796 1280 867 1327 nam
884 1267 1040 1340 sanguine
1056 1265 1154 1326 mixto

345 1360 467 1420 texitur
482 1358 612 1420 alternis
628 1374 667 1419 ex
683 1360 829 1435 gentibus
845 1373 909 1420 unu
924 1373 1073 1435 propago.

411 1450 477 1514 Hoc
493 1456 597 1513 actum
612 1457 661 1513 est
676 1453 773 1513 tantis
790 1453 988 1514 successibus
1004 1457 1098 1528 atque
1114 1450 1279 1526 tnumpbis

260 1559 310 1609 oro
344 1545 478 1608 Romani
494 1547 625 1623 inperii:
650 1542 778 1609 Ciuisto
793 1549 855 1608 iam
871 1552 946 1609 tunc
961 1549 1111 1623 venienti,

345 1645 448 1720 crede,
466 1647 575 1718 parata
590 1645 641 1705 via
655 1649 716 1721 est,
735 1659 828 1720 quam
844 1645 957 1707 dudum
974 1646 1097 1721 publica
1113 1648 1240 1706 nostrae

345 1739 430 1814 pacis
446 1737 584 1799 amicitia
600 1737 719 1798 struxit
734 1739 944 1800 moderamine
960 1735 1089 1800 Romae.
1207 1741 1210 1746 ’

344 1831 427 1896 Nam
444 1834 530 1895 locus
546 1849 616 1894 esse
632 1831 698 1896 Deo
714 1835 784 1910 quis
800 1838 905 1911 posset
921 1836 951 1896 ln
969 1837 1042 1896 orbe
1058 1835 1156 1897 feroci

344 1930 583 2004 pectoribusque
598 1928 757 1989 bominum
774 1929 981 2005 discordibus,
1000 1933 1032 1989 et
1047 1943 1104 1990 sua
1119 1928 1189 1989 iura

259 2036 310 2086 625
344 2024 487 2086 dissimili
503 2025 625 2084 ratione
641 2025 813 2100 luentibus,
831 2021 868 2086 ut
883 2025 943 2085 luit
958 2023 1053 2085 olim?

345 2116 399 2182 Sic
415 2118 625 2193 inconpositos
641 2117 776 2180 numano
792 2119 824 2178 in
840 2121 965 2193 pectore
980 2131 1106 2193 sensus,

344 2213 579 2287 disiunctasque
594 2211 689 2272 animi
706 2211 831 2273 turbato
847 2210 972 2272 loedere
987 2215 1106 2287 partes,

345 2323 402 2368 nec
418 2308 535 2383 liquida
550 2308 661 2368 invisit
676 2309 840 2383 sapientia,
860 2323 917 2368 nec
934 2305 1021 2369 Deus
1036 2309 1145 2369 intrat.

406 2401 450 2462 At
465 2401 493 2462 si
510 2401 624 2461 mentis
640 2415 718 2476 apex
735 2401 886 2476 regnandi
902 2401 971 2461 iure
986 2401 1105 2477 potitus

258 2505 308 2556 cao
345 2496 497 2572 pugnacis
514 2496 664 2557 stomachi
680 2495 791 2571 pulsus
807 2496 963 2571 fibrasque
978 2496 1110 2558 rebelles

343 2595 446 2656 frenet
461 2596 493 2654 et
507 2606 598 2653 omne
613 2594 701 2655 iecur
715 2595 837 2655 ratione
854 2598 997 2655 coerceat
1013 2608 1086 2669 una,

343 2689 378 2748 ut
393 2688 515 2748 stabilis
531 2687 617 2748 vitae
633 2692 736 2750 status
750 2693 784 2750 et
799 2689 955 2750 sententia
971 2692 1057 2750 certa

343 2784 448 2844 baurit
462 2783 555 2844 corde
570 2779 670 2844 Deum
687 2781 821 2845 Domino
836 2788 869 2844 et
884 2784 1087 2858 subiungitur
1103 2781 1169 2845 unl.

405 2875 455 2939 En
472 2879 546 2939 ades
563 2879 771 2955 omnipotens,
789 2878 995 2941 concordibus
1010 2878 1107 2940 inliue
1123 2876 1233 2939 terris:

270 3065 272 3070 ,
325 3034 385 3085 612.
405 3033 631 3098 conciliamurii,
651 3033 930 3086 concilienturRGis.
946 3032 1043 3098 Grung.
1058 3033 1153 3084 11111111.
1258 3032 1384 3083 617.Α1·

256 3102 360 3154 111111.
465 3102 525 3152 610.
545 3109 655 3153 aucium
669 3121 696 3154 u.
812 3105 872 3155 620.
893 3109 947 3154 ium
961 3109 1025 3154 lunc
1036 3121 1055 3152 α
1067 3119 1082 3154 a
1095 3120 1111 3152 n
1124 3117 1180 3152 cum
1193 3100 1267 3166 impr.
1282 3109 1387 3168 praeter

254 3176 333 3222 Areu.
348 3174 473 3222 iamiam.
597 3172 657 3224 622.
677 3173 743 3222 Paci
754 3174 874 3224 mendoso
888 3173 962 3222 Teol.
1085 3172 1146 3222 623.
1162 3175 1255 3237 posset
1266 3186 1284 3220 ι
1296 3187 1313 3220 u
1326 3170 1385 3220 Ald.

253 3239 336 3304 Lugd.
352 3241 484 3291 Sich.ircs
498 3237 574 3290 datr.
588 3239 643 3292 Gis.
659 3239 754 3306 Grang.
769 3242 846 3294 6611.
863 3241 944 3294 Poett.
958 3240 1054 3292 Austr.
1069 3240 1135 3291 dell.
1151 3242 1247 3303 brem,
1264 3244 1356 3306 possit
1368 3256 1386 3288 u

254 3309 350 3361 Weitz.
369 3309 458 3360 Heius.
474 3309 565 3360 Cheru.
585 3311 647 3359 Ans.
666 3311 732 3362 066.
855 3311 916 3363 etl.
936 3310 1145 3378 doctoribusque
1156 3309 1226 3372 lili,
1246 3309 1387 3375 Principi-

255 3382 357 3447 bucque
369 3380 428 3429 uidi
441 3379 541 3430 emend.
556 3379 639 3440 Lugii.
756 3379 816 3430 627.
837 3381 1033 3446 Disiuuciuquc
1046 3380 1078 3430 Α.
1201 3377 1262 3429 629.
1281 3379 1342 3429 Aut
1353 3381 1385 3441 A,

257 3447 336 3500 (11.6
352 3450 389 3499 11
493 3448 553 3500 631.
576 3446 633 3500 Una
646 3448 711 3498 ades
729 3449 786 3500 uid.
803 3448 884 3514 Lugd.

305 3584 366 3635 617.
392 3589 505 3636 externi
527 3585 564 3636 ud
583 3588 627 3634 ius
655 3583 795 3652 connubii]
839 3587 865 3651 4,
888 3587 920 3650 5,
946 3585 1004 3636 inv.
1027 3581 1179 3646 xxxviii,
1198 3584 1248 3647 36,
1278 3583 1384 3635 Gruter.

223 3660 228 3668 '
252 3650 423 3702 Romanorum
437 3654 527 3720 quippe
545 3654 640 3703 nullum
655 3656 798 3720 antiquitus
838 3657 916 3705 inser.
938 3655 1112 3718 111115.
1143 3653 1287 3704 Antoninus
1305 3653 1388 3704 Caru-

253 3737 309 3770 111111
319 3721 421 3771 Latinis
433 3731 478 3772 aui
489 3723 632 3789 peregrinis
645 3725 796 3774 connubium
837 3725 905 3774 calla
920 3724 1000 3788 legem
1011 3723 1111 3790 quidem
1125 3722 1194 3772 1111111
1209 3722 1387 3788 depcrcgrinu

252 3791 300 3840 uisi
315 3805 329 3840 a
342 3791 463 3854 consule,
482 3801 572 3858 postea
588 3793 620 3842 16
642 3794 796 3858 imperatore
840 3792 951 3843 Romano
976 3807 1024 3843 nou
1044 3791 1157 3842 ducenda
1175 3791 1305 3848 abolevit.
1329 3792 1385 3842 vid.

251 3875 407 3910 concessum.
430 3857 499 3910 Unde
513 3863 538 3911 in
551 3862 685 3912 Antonium
700 3863 794 3926 odium,
841 3863 958 3912 licineco.
970 3863 1050 3926 aniiq.
1066 3861 1129 3912 Rom
1148 3877 1172 3926 p.
1184 3862 1242 3924 lli,
1257 3860 1319 3910 303.
1334 3859 1386 3910 Sed

251 3936 411 3994 conlemptus
431 3929 457 3978 in
476 3929 562 3980 Titum
584 3931 615 3980 ob
634 3930 795 3998 Cleopatram
838 3930 964 3990 Maeonii..
983 3932 1025 3996 qui
1039 3930 1177 3980 Prudentia
1191 3929 1308 3996 aequalis
1323 3929 1386 3994 init,

251 4005 277 4047 11
289 3998 438 4050 Berenicen.
464 3998 522 4050 vid.
545 3999 635 4050 Senee.
655 4001 687 4050 de
707 3999 791 4051 bonel.
838 4017 893 4051 cum
912 3999 1034 4050 Romanis
1052 3999 1202 4066 peregrinos
1220 3998 1320 4049 nullam
1340 3999 1388 4049 hu-

251 4065 794 4132 11135111111111111111111111111-
837 4069 899 4120 6111
923 4069 1132 4120 consuetudinem
1158 4068 1272 4134 reliquii.
1304 4068 1386 4118 Prud.

250 4139 423 4199 trimetriam,
447 4143 544 4202 postea
566 4141 727 4202 peregrinus
747 4156 794 4204 op·
836 4146 907 4190 cerie
928 4139 960 4188 de
979 4139 1080 4188 externi
1094 4138 1151 4187 iure
1170 4137 1290 4188 connubii
1305 4137 1386 4188 siculi

247 4209 378 4269 paruisti.
393 4205 454 4255 Non
464 4212 506 4256 111
515 4207 582 4255 nridi
588 4222 648 4256 cum
660 4212 792 4258 11111111
837 4209 867 4258 de
886 4224 914 4258 11
936 4223 1001 4258 nova
1023 4208 1061 4257 uli
1085 4207 1117 4258 tle
1137 4205 1273 4271 Evangelii
1297 4205 1388 4257 iruclu

250 4273 420 4323 connubium.
435 4273 535 4323 Endera
549 4290 591 4322 mo
603 4274 649 4324 lea·
658 4275 791 4339 defendit,
835 4276 958 4343 loquitur.

250 4355 319 4406 quoe
336 4347 422 4392 11111.
447 4340 505 4391 Vid.
527 4339 628 4406 Uipian.
652 4343 742 4406 fragm.
758 4343 790 4405 V,
887 4347 947 4397 628.
970 4345 1086 4412 sapient.
1103 4347 1127 4409 i,
1140 4347 1167 4396 l.
