3020 4832
300 309 359 372 lat
661 307 1050 362 Allitiltllltldilrllctldll.

383 495 433 555 vir
449 494 535 556 solus
549 495 706 570 perlectus
719 494 810 556 adest
825 499 919 570 atque
935 496 1058 571 integer
1072 492 1173 572 Iesus,

384 591 434 650 cui
451 591 527 651 nihil
544 605 584 650 ex
600 594 716 665 scplcm
733 591 870 665 septenis
887 590 997 663 dehrit,
1016 605 1054 650 ex
1072 604 1134 665 quo

382 687 544 761 perliceret
559 687 690 747 mortale
706 701 806 760 genus
822 687 940 747 virtute
955 687 1095 760 perenni.

387 778 445 841 Hic
460 781 512 842 ille
528 785 585 856 est,
605 782 694 842 nohis
711 783 763 856 qul
781 783 911 858 septima
928 783 1054 842 sahhata
1072 782 1207 859 conplet,

299 886 349 936 aas
383 879 418 936 nt
434 891 507 937 caro
523 881 631 937 nostra
650 874 713 938 lleo
729 875 853 939 tandem
869 875 987 935 sociata
1003 876 1156 950 quiescat,

384 983 475 1044 quam
492 969 540 1030 his
556 974 645 1030 terna
661 970 752 1030 malis
766 969 923 1030 vexabant
939 970 1067 1030 sahhata
1083 970 1193 1030 noxis,

277 1119 279 1122 .
385 1060 557 1126 Curramus
574 1067 657 1126 notis
672 1066 821 1140 gradibus
837 1079 1006 1139 regumque
1022 1078 1190 1140 sequamur

384 1163 577 1238 progeniem,
604 1157 766 1224 Christum
782 1161 922 1221 invenies
938 1161 974 1220 de
990 1173 1084 1220 carne
1099 1162 1262 1234 parentum

385 1255 547 1316 effluxisse
563 1254 733 1331 hominum,
752 1254 804 1328 qui
820 1253 862 1314 sit
877 1254 915 1312 de
930 1253 1050 1314 semine
1065 1251 1179 1326 David,

301 1360 366 1409 rdoo
383 1351 479 1424 stirpe
495 1351 646 1410 recensita
664 1346 875 1410 numerandus
892 1351 1055 1424 sanguinis
1073 1351 1193 1409 haeres.

385 1439 480 1522 Quid,
498 1457 568 1504 cum
584 1444 798 1517 sanctiloquus
814 1443 957 1503 revoluto
971 1443 1111 1516 germine
1127 1439 1233 1502 Lucas

386 1551 511 1597 sursum
528 1551 640 1598 versus
657 1537 723 1612 agit
738 1537 862 1612 seriem,
882 1537 1050 1596 scandente
1067 1536 1187 1610 nepotis

388 1644 528 1708 corpore,
548 1644 666 1705 perque
681 1633 791 1690 atavos
807 1643 934 1689 cursum
950 1629 1109 1704 relegente
1123 1629 1287 1689 vetustos?

385 1729 530 1799 septenos
546 1725 648 1784 decies
665 1723 845 1785 conscendit
861 1719 1009 1786 Christus
1028 1724 1059 1784 in
1076 1719 1183 1798 ortus,

302 1830 367 1879 roos
385 1822 416 1879 et
431 1820 509 1880 duo:
528 1833 599 1879 narn
616 1818 742 1878 totidem
760 1818 902 1878 doctores
920 1819 1004 1878 misit
1019 1819 1050 1878 in
1067 1819 1191 1879 orhem:

383 1912 551 1972 descensos
567 1911 724 1971 nascendo
739 1913 858 1986 gradus
873 1911 1031 1972 redeundo
1047 1912 1162 1972 retexit

385 2011 474 2069 actus
491 2008 528 2067 ad
544 2021 644 2082 usque
659 2008 777 2081 apicem
792 2008 908 2070 terreni
924 2008 1063 2082 corporis
1086 2005 1198 2068 Adam.

388 2100 460 2162 inde
476 2116 588 2177 parens
605 2102 703 2162 deitas
718 2102 829 2176 recipit
845 2117 903 2162 sua
919 2106 1087 2176 nostraque
1104 2101 1236 2176 mixtim,

385 2197 480 2270 dtnne
498 2194 554 2257 Dei
571 2197 683 2258 summi
699 2210 755 2272 per
771 2192 931 2259 Christum
949 2197 1031 2256 illius
1048 2194 1160 2256 Atiam.

303 2302 369 2351 roro
448 2289 561 2351 Restat
577 2296 611 2353 ut
626 2293 742 2353 acriam
759 2294 861 2368 dages
877 2293 915 2352 ah
931 2293 1052 2367 origine
1067 2296 1204 2368 gentem,

388 2386 490 2448 aerios
506 2402 664 2464 proceres,
682 2386 795 2462 Levin,
813 2384 934 2462 ludam,
953 2382 1143 2460 Simeonem,

368 2575 427 2626 991.
442 2576 489 2625 tlte
501 2593 525 2642 p.
539 2577 614 2626 Iesus
626 2575 684 2626 ilat.
774 2576 833 2626 997.
849 2579 938 2625 noctis
953 2575 1047 2638 Prag.;
1068 2580 1227 2640 tergumque
1239 2574 1299 2626 ald.
1314 2573 1393 2638 Lugd.

299 2643 360 2694 998.
381 2645 413 2693 de
426 2645 506 2694 corde
519 2645 538 2694 Β
551 2647 577 2696 in
590 2659 671 2710 marg.
687 2661 732 2710 pro
746 2645 798 2694 div.
815 2645 902 2708 script.
920 2644 995 2706 run,
1016 2659 1095 2693 corna
1117 2659 1192 2709 supra
1212 2643 1328 2694 icardo.

411 2713 469 2762 999.
492 2715 627 2764 hominene
640 2715 661 2763 A
676 2713 696 2764 0
710 2712 819 2764 utari.
836 2713 893 2762 liat.
910 2713 949 2762 2u
964 2711 1088 2779 [fortasse
1102 2728 1191 2760 verum
1206 2713 1290 2762 iudice
1304 2709 1392 2778 ubh.].

337 2781 411 2830 1000.
427 2788 563 2832 recensata
579 2783 636 2832 ilat.
652 2800 670 2831 α
684 2783 697 2832 b
711 2798 760 2846 mq
776 2785 837 2848 (non
851 2782 959 2846 Leon),
979 2797 1140 2831 numerosus
1153 2797 1176 2846 q.
1263 2781 1339 2830 1001.
1355 2778 1427 2846 Quod

299 2848 377 2912 Prag.
389 2868 396 2913 3
421 2853 588 2901 conculcans
601 2855 639 2913 Α,
659 2857 750 2902 suncti
762 2852 840 2914 dogna
855 2850 874 2900 E
888 2849 909 2900 N
923 2867 939 2900 a
953 2852 1010 2900 hld.
1026 2850 1126 2913 Lugd.;
1150 2854 1283 2914 sanguine
1296 2848 1426 2900 Siehtres

299 2917 335 2980 (in
350 2933 432 2982 marg.
445 2921 578 2983 germina)
592 2919 669 2970 Char.
684 2920 766 2970 Poett.
784 2919 829 2970 Hic
842 2919 946 2970 ultimus
959 2928 999 2969 cst
1012 2935 1104 2969 versus
1117 2919 1174 2968 cod.
1189 2919 1214 2968 h.
1301 2919 1375 2968 1002.
1388 2921 1427 2967 cit

299 2986 358 3036 hid.
374 2986 455 3050 Lugd.
565 2990 639 3038 1003.
657 3005 779 3054 porqnac
793 3004 830 3050 m,
852 3005 934 3038 aitrau
948 2987 1022 3053 Prag.
1039 2987 1096 3037 liat.
1113 3003 1145 3037 m.
1255 2989 1330 3038 1000.
1351 2987 1424 3037 Nero.

299 3057 337 3116 A,
357 3056 505 3105 descensos
521 3055 539 3106 R
553 3073 579 3104 tt.
687 3058 762 3106 lodi.
782 3058 887 3106 Attalus
902 3059 957 3107 itit.
1051 3058 1127 3106 1008.
1148 3060 1267 3106 mimium
1280 3074 1309 3120 a,
1323 3061 1425 3104 mictum

300 3123 356 3174 hid.
372 3123 464 3187 Lngd.,
483 3128 587 3175 mistim
601 3125 736 3175 Sieh.tres
751 3125 826 3176 Fahr.
844 3125 899 3176 Gis.
915 3126 992 3175 Chor.
1008 3126 1090 3176 Paeti.
1106 3127 1218 3187 Amsan,
1237 3129 1356 3176 mistam
1370 3141 1393 3188 q.

336 3193 411 3243 1010.
431 3197 531 3259 pingas
544 3194 566 3244 0
580 3193 637 3243 hid.
655 3194 736 3257 Lugd.
752 3195 822 3244 Sieh.
834 3202 889 3244 tres
902 3193 978 3244 Febr.
994 3193 1048 3244 Gis,
1066 3193 1143 3246 Chor.
1158 3193 1241 3244 Poett.
1256 3197 1350 3244 Amstr.
1365 3192 1426 3243 Caii.

300 3261 361 3324 (noa
377 3261 498 3328 Weiss).
607 3263 682 3312 1011.
704 3265 783 3328 ieciq
798 3263 856 3313 hid.
873 3263 966 3326 bugd,
987 3263 1054 3313 Levi
1067 3263 1174 3323 Heins.;
1194 3278 1369 3329 symeonem.

350 3433 411 3482 005.
431 3433 559 3501 subbata]
582 3433 720 3486 Sabbatum
738 3455 764 3478 =
783 3434 846 3483 heb·
889 3440 958 3482 tasse
971 3433 998 3482 S.
1015 3433 1147 3498 iosephuta
1167 3442 1193 3484 at
1213 3435 1333 3483 Adamum
1353 3433 1429 3482 noluit

299 3505 397 3552 domas.
889 3503 935 3550 hoc
950 3517 1052 3551 numero
1066 3503 1259 3567 comprehendi,
1279 3519 1360 3568 nequa
1373 3502 1429 3550 Cai-

352 3571 426 3620 1001.
454 3567 556 3638 Laeana]
586 3570 636 3633 „ia
664 3569 728 3620 Mar.
757 3570 844 3620 codice
890 3585 945 3620 nam
966 3570 1215 3633 ahioscomissum,
1235 3572 1265 3620 de
1284 3572 1430 3636 quodirpu·

299 3644 338 3686 est
358 3639 487 3701 glossula,
514 3653 578 3704 quae
602 3639 654 3690 iere
675 3641 781 3690 evannit
800 3639 844 3687 sed
889 3647 945 3688 tant
958 3641 1121 3704 interpretes.
1143 3639 1428 3704 smogustinusSerm.

299 3704 414 3754 indicare
426 3707 538 3769 videtur,
553 3709 640 3773 piures
654 3724 728 3772 quarn
743 3715 845 3773 septua-
889 3707 931 3758 83.
961 3708 1027 3758 alias
1053 3709 1094 3758 15.
1125 3711 1156 3759 de
1177 3709 1265 3759 verbis
1287 3710 1381 3758 domini
1406 3709 1429 3756 ia

299 3771 372 3835 ginta
397 3774 502 3824 abaco
522 3777 661 3826 recenseri.
684 3777 762 3827 Prud.
788 3792 844 3841 sep·
889 3776 958 3826 Luca
973 3779 1003 3826 tl
1018 3777 1342 3840 generationasaChristo
1356 3792 1431 3841 usqae

299 3848 373 3890 tenos
392 3842 478 3892 decies
500 3852 526 3892 ct
539 3845 601 3894 duos
621 3846 647 3893 id
667 3853 720 3908 est,
743 3851 844 3911 septua·
889 3846 919 3895 ad
930 3845 1052 3894 lidamnrn
1066 3847 1170 3904 astruit,
1186 3853 1254 3896 ulex
1270 3848 1317 3895 hoc
1330 3859 1431 3896 numera

299 3910 372 3972 ginta
396 3911 458 3960 dnos
487 3912 582 3962 Christi
612 3917 787 3977 progenitores
812 3929 844 3962 ex
888 3915 1021 3980 mysticum
1037 3915 1231 3980 explicationem
1242 3916 1384 3967 confirmet.
1400 3914 1432 3964 De

301 3977 371 4028 Luca
382 3978 582 4043 colligitiuisse.
604 3982 707 4032 invenio
721 3991 805 4032 autern
820 3984 844 4030 in
889 3983 944 4046 ipso
976 3983 1158 4047 discipulorum
1188 4000 1291 4034 numero
1317 3986 1432 4034 diversae

300 4047 370 4098 Lnea
389 4048 551 4113 septuaginta
573 4049 682 4115 quinqua
702 4067 716 4102 a
735 4051 761 4101 S.
778 4051 846 4100 iose-
889 4053 1113 4116 suntsentenliac,
1129 4069 1185 4102 nam
1199 4052 1366 4104 aliietPrnd.
1382 4054 1433 4117 ipse

299 4117 347 4185 pho
380 4117 412 4166 ad
452 4118 572 4166 hdamnm
605 4135 700 4184 usquc,
736 4128 845 4184 utroque
890 4121 914 4170 iu
929 4121 1074 4171 dittochaeo
1096 4122 1153 4186 (55)
1171 4125 1334 4189 septuaginta
1356 4123 1433 4172 inisse

299 4188 489 4252 comprehenso.
524 4186 620 4246 Poeta,
653 4196 682 4236 nt
712 4190 844 4256 mysticam
891 4190 1108 4240 dicunt.“Arco.

299 4255 535 4320 interpretationem
557 4255 691 4306 adhiberet
709 4258 739 4306 de
758 4257 789 4306 lt
809 4257 847 4306 di-

297 4323 404 4389 scipulis
418 4324 443 4373 in
458 4325 505 4373 hoc
520 4340 622 4375 numero
635 4325 761 4377 constitit.
786 4325 847 4377 For·
945 4327 1021 4377 1008.
1041 4324 1141 4393 Actae]
1156 4327 1253 4377 ductare
1269 4326 1320 4377 iso.
