2994 4826
482 280 616 334 codrus
629 282 800 337 siliiiiicu.
822 283 854 337 ii.

181 469 309 530 aedibus
324 467 465 546 inponat,
483 469 584 546 panes
602 471 784 547 utquisque
800 473 858 536 sut
874 477 960 536 astro

182 566 332 626 lundatus
348 569 551 641 structusque
568 578 637 641 suo,
655 581 716 642 qua
732 572 817 631 sorte
833 574 990 632 maneret:

180 659 303 734 quando
320 662 424 721 autem
439 662 558 735 rueret,
575 659 684 734 primis
700 662 856 736 acceperit
869 663 968 725 ioris.

181 753 374 814 Adscridunt
390 754 477 814 sexis
492 749 644 815 Lachesis
659 755 738 816 maie
754 756 847 818 lortia
864 757 927 834 iila,

182 851 399 922 tectorumque
414 849 517 908 naues
533 848 613 910 lusis
629 849 763 924 pendere
778 851 891 911 rotatis
1172 865 1222 914 444

182 945 314 1005 credunt
328 947 420 1018 atque
436 943 514 1018 ipsis
529 944 672 1006 imbuunt
687 943 811 1006 decreta
827 945 956 1020 tigillis:

182 1051 239 1098 ceu
255 1036 361 1113 distat,
379 1038 469 1097 euius
484 1037 595 1098 stellae
610 1038 652 1098 slt
668 1037 813 1098 maxinns
829 1042 900 1099 ortu

183 1135 285 1208 eruta,
304 1145 385 1206 quae
399 1144 553 1193 summum
571 1133 796 1194 conscenderet
810 1134 909 1194 ardua
923 1131 1056 1195 culmen.

247 1225 388 1303 [lenique
403 1227 490 1290 nulla
504 1227 662 1289 hominum
678 1241 731 1288 res
747 1231 807 1304 est,
826 1227 911 1288 nulla
926 1227 1008 1289 actio
1025 1229 1142 1304 mundi,

182 1323 234 1383 cul
250 1337 310 1386 non
328 1324 454 1386 iatalem
471 1328 641 1385 memorent
655 1323 835 1385 incumterc
851 1327 978 1386 sortem.
1172 1338 1223 1388 444

184 1411 273 1496 Quae
289 1417 585 1492 saracenatorum,
603 1417 718 1490 dicant,
737 1431 793 1478 cur
809 1417 933 1479 condita
949 1418 990 1478 sit
1005 1418 1057 1482 lex

184 1515 230 1574 iis
247 1529 304 1576 sex
319 1515 351 1575 in
369 1514 496 1588 tatutis,
514 1517 642 1576 auteur
657 1514 783 1576 mirica
798 1515 946 1599 minetur,

182 1622 262 1684 puae
276 1609 417 1684 prolitet
432 1623 561 1683 peccare
576 1619 658 1683 reos,
677 1622 755 1684 quos
773 1609 875 1670 ierrea
891 1609 955 1669 iata

181 1709 298 1781 cogunt
314 1705 352 1765 ad
368 1705 491 1765 lacinus
507 1708 538 1764 et
552 1704 732 1766 inevitabile
749 1709 907 1780 mergunt.

183 1794 267 1879 Quin
283 1802 315 1859 et
328 1798 409 1860 velle
424 1799 554 1876 adigunt
568 1813 698 1873 pravum
715 1798 909 1860 insinuantia
923 1803 1043 1874 votum,
1173 1809 1223 1861 444

181 1911 221 1957 44
236 1897 330 1957 lineat
346 1895 469 1956 miseris
485 1895 615 1956 vetitum
633 1894 817 1957 conmittere
833 1896 926 1958 nolle.
1014 1943 1017 1951 .

182 1986 303 2067 Cedite‚
322 1991 348 2053 sl
365 1991 464 2067 pudor
480 1995 538 2064 est,
556 1990 757 2066 gladiumque
773 1992 930 2054 retundite
944 1995 1098 2068 vestrum,

182 2099 292 2161 aspera
307 2085 351 2147 nil
367 2085 495 2146 meritos
511 2084 618 2161 paenis
633 2083 800 2159 plectentia
816 2086 897 2160 iura,
918 2117 921 2120 ·

181 2186 306 2243 anirum
321 2193 500 2242 carcereum
517 2179 690 2256 dissolvite,
709 2193 837 2256 corpora
854 2182 912 2244 sub
928 2195 989 2256 quo

181 2277 316 2352 agminis
331 2277 458 2338 innocui
474 2276 539 2336 lato
554 2279 702 2352 peccante
717 2276 844 2336 tenetis.
1173 2285 1224 2336 444

180 2371 284 2436 Nemo
300 2373 473 2446 concussi
489 2373 555 2434 lata
570 2376 696 2449 regunt,
715 2373 795 2448 qnod
812 2373 930 2435 vivitur
945 2385 981 2432 44
997 2371 1048 2431 tit:

180 2469 275 2530 immo
290 2483 419 2544 nocens,
438 2470 616 2544 quicunque
629 2467 751 2546 volens,
769 2468 852 2544 quod
867 2482 929 2530 non
945 2467 1030 2541 iicet,
1048 2466 1155 2542 audet,

181 2564 367 2624 alterutrum
383 2563 455 2637 44414
471 2563 553 2625 velle
570 2577 663 2625 suum
680 2567 739 2638 est,
757 2578 815 2625 nee
832 2564 895 2624 iata
911 2558 1032 2625 reatum

180 2657 335 2732 inponunt
350 2657 478 2732 nomini,
497 2657 551 2718 sed
567 2659 603 2718 dt
618 2671 692 2718 reus
707 2657 775 2732 ipse
791 2660 903 2732 suopte

144 2806 150 2816 .
181 2751 312 2811 arultrio
328 2751 539 2826 placitumque
555 2751 644 2811 netas
660 2753 692 2811 et
707 2750 790 2811 iacta
805 2749 948 2826 rependit
1174 2761 1225 2810 444

181 2845 263 2920 14414
280 2843 442 2918 suppliciis
458 2844 569 2905 merito
586 2858 647 2905 non
663 2847 748 2906 sorte
763 2847 954 2919 peremptus.
1094 2853 1095 2858 ’

1229 1787 1236 1818 1

183 2933 325 3016 Quisque
339 2940 429 3012 putat
445 2938 509 2998 lato
526 2951 596 2998 esse
613 2937 728 3010 iocum,
746 2938 837 3014 sciat,
855 2937 1100 3013 omniparentem

167 3151 224 3200 453.
245 3155 302 3201 oris
315 3150 343 3200 P.
450 3152 509 3203 455.
531 3151 728 3218 Raetorumque
741 3151 799 3202 illd.
815 3152 896 3216 Lugd.
1014 3151 1073 3202 456.
1094 3155 1183 3216 ipsiu.

133 3219 191 3269 451.
211 3223 288 3270 enine
307 3219 383 3270 atille
396 3235 428 3283 a3
448 3223 530 3271 tarto
553 3220 739 3284 44144444.
860 3221 921 3271 464.
941 3219 1111 3284 Adsuetum
1124 3226 1227 3284 cogant

102 3285 159 3336 dat.
173 3287 225 3339 Gis.
367 3289 427 3340 461.
453 3290 592 3340 recondite
609 3289 779 3344 eoni.'Hoins.
895 3289 955 3338 468.
973 3287 1157 3352 pincenati.

184 3359 241 3408 414.
264 3358 411 3422 impellunt
429 3374 459 3422 up
486 3365 583 3422 444414
601 3361 725 3409 Arbitrio
742 3357 765 3408 Α
784 3358 800 3407 2
820 3355 839 3406 ii
860 3357 955 3416 (veteri
975 3354 1102 3420 scripturn
1122 3371 1227 3420 prorsus

101 3426 219 3489 4444410
234 3426 252 3476 Ρ
267 3425 298 3476 W
313 3430 413 3493 (44444)
430 3426 506 3478 1444.
521 3445 539 3476 α
553 3443 567 3477 4
582 3445 597 3476 4
612 3428 668 3476 nid.
684 3426 765 3489 Lugd.
781 3425 851 3475 siai.
861 3432 913 3474 tres
932 3423 1008 3472 cion.
1025 3423 1118 3486 Ponit,
1132 3429 1228 3489 suapte

101 3493 209 3558 ingenio
224 3495 260 3558 ii,
280 3503 376 3562 eaopie
391 3497 500 3560 ingenio
515 3496 535 3544 Τ
550 3505 656 3562 uterque
671 3497 745 3558 11414,
759 3499 856 3559 canpto
869 3493 1010 3558 Ingenium
1024 3490 1042 3539 ii
1054 3491 1088 3554 ii,
1105 3508 1157 3558 444·
1170 3509 1228 3542 am·

99 3564 174 3626 piam
194 3565 332 3630 ingentium
354 3563 603 3616 4114444444.
623 3564 701 3615 11414.
722 3563 838 3624 weita,
862 3568 970 3625 suapte.
985 3561 1140 3625 ingenitum
1160 3562 1226 3612 coni.

102 3631 186 3684 deins.
258 3634 318 3684 416.
338 3631 1004 3699 444414444444444444144141.1444.;4444444444.
1076 3630 1229 3696 41144141

102 3715 133 3766 n;
155 3701 220 3767 Quis
230 3707 317 3768 putat
327 3719 384 3752 4444
389 3704 457 3768 salo
471 3703 568 3764 Iocum,
582 3707 656 3752 aciat
667 3705 891 3766 omnipotentem
905 3698 962 3748 nin.
978 3698 1002 3747 in
1017 3705 1148 3762 contentu,
1163 3701 1229 3765 Quis

99 3775 249 3834 4441414444
262 3771 445 3834 loenensato?
469 3773 527 3822 iiii.
541 3772 566 3822 in
581 3770 703 3834 Emend„
725 3770 789 3838 Qeu'r
801 3774 954 3834 portatores
967 3767 1144 3836 leonensem,
1158 3773 1229 3819 scint

101 3844 175 3888 444444·
184 3845 323 3904 patentem
336 3839 420 3904 Lugd.

150 4029 211 4079 462.
243 4029 363 4096 rectricis]
406 4029 489 4092 Leges
525 4029 642 4080 rubricae
687 4037 755 4078 iron.
777 4027 830 4078 Sat.
846 4028 896 4090 46,
920 4026 990 4077 labo.
1006 4025 1037 4077 ad
1052 4024 1122 4075 Pers.
1138 4023 1169 4086 V,
1184 4023 1227 4086 90,

101 4097 186 4148 dictae
204 4105 249 4148 aut
268 4099 327 4164 quin
344 4102 414 4164 ipsae
428 4101 544 4160 integrae
565 4101 643 4148 minio
687 4097 748 4146 Chr.
756 4095 787 4148 d.
798 4097 929 4147 Schwarn.
942 4097 973 4146 de
984 4093 1139 4146 ornamentis
1151 4092 1229 4142 libro-

101 4167 178 4217 rubro
198 4171 388 4229 exarabantur,
410 4175 562 4217 ontearum
582 4169 644 4218 lem·
686 4181 757 4226 rum,
777 4161 1184 4228 441444444144444141441156)
1203 4176 1227 4225 p.

101 4243 170 4286 mata
181 4244 226 4286 ant
235 4236 351 4287 initiales
360 4237 476 4295 litterae,
491 4235 543 4286 rid.
557 4236 642 4286 loven.
688 4238 731 4287 34.
746 4263 779 4272 -
792 4233 923 4301 minetur]
937 4233 986 4284 cir.
1001 4235 1077 4297 snpra
1093 4231 1150 4281 119.

102 4303 175 4370 xm,
193 4306 255 4372 roa,
275 4304 400 4371 Quinctii.
416 4303 514 4370 xlta,
532 4307 578 4371 44,
600 4305 645 4355 rs-
