3046 4830
652 297 729 349 ΑΗΒ.
744 296 927 350 rnuuunru
942 299 1045 351 ctum.

588 485 697 548 eredas
713 487 842 548 venenis
857 487 975 549 ebriam

585 577 731 664 Furiisve
746 581 937 658 lymphatam
952 583 1030 657 rapi.

630 671 711 755 Quin
727 689 895 751 pronuper
917 675 1022 741 scelus
1038 678 1125 740 ruisi

586 781 731 845 agnosce,
750 769 777 830 si
792 769 960 846 quitquam
975 771 1032 832 tilii

585 865 697 926 mentis
713 865 829 926 resedit
844 865 997 942 integrae,

586 959 695 1022 ducem
710 963 836 1023 tuorum
852 959 1037 1035 principum.

627 1053 730 1130 iluna,
749 1068 840 1128 quem
857 1055 976 1120 letelrra
991 1059 1022 1116 et
1037 1055 1189 1119 opstetrix

584 1149 617 1206 et
631 1147 722 1222 virga
738 1145 801 1206 ieta
816 1150 848 1206 et
864 1146 997 1208 annuae

587 1245 618 1302 et
632 1241 777 1303 inlreuillu
791 1241 925 1305 infautia

583 1351 690 1413 regem
705 1337 856 1400 ueuerunt
870 1339 1029 1415 gentibus,

628 1437 772 1508 peccator
786 1433 959 1498 intueberis

586 1527 704 1590 eelsum
721 1529 862 1593 coruscis
878 1527 1024 1604 nubibus

585 1623 724 1684 deiectus
739 1623 807 1699 ipse
822 1627 854 1684 et
869 1623 983 1685 inritus

584 1716 736 1791 plangens
752 1719 873 1778 reatum
888 1715 1029 1781 fletibus:

626 1807 705 1874 Cum
722 1815 813 1872 vasta
828 1813 953 1888 signum
970 1811 1082 1874 lucina

587 1905 682 1967 terris
698 1905 873 1966 cremandis
889 1905 1022 1983 miserit,

587 2005 619 2062 et
633 2001 752 2062 scissus
769 2001 839 2061 axis
853 2001 1012 2065 cardinem

586 2099 692 2160 mundi
708 2098 831 2160 ruentis
853 2097 999 2160 solverit:

630 2191 767 2270 Insignis
783 2195 850 2269 ipse
866 2197 898 2254 et
912 2194 1110 2270 praeminens

585 2291 706 2351 meritis
721 2291 872 2366 rependet
889 2303 1041 2366 congrua,

585 2385 634 2446 llis
650 2385 730 2447 lueis
746 2400 839 2448 usum
854 2387 1001 2461 perpetis

584 2482 648 2543 illis
663 2484 837 2558 gehennam
853 2487 885 2543 et
899 2487 1065 2544 tartarum.

630 2575 744 2640 Iudaea
759 2583 835 2641 tune
850 2579 969 2643 tulmen
985 2578 1089 2640 erucis

586 2675 725 2749 experta,
744 2673 797 2746 uui
813 2673 865 2749 sit,
884 2673 1013 2746 senties,

584 2782 675 2842 quem
691 2773 722 2829 te
738 2769 855 2830 luroris
870 2769 1015 2845 praesule

585 2877 669 2924 mors
685 2864 790 2925 hausit
805 2867 837 2924 et
851 2879 924 2926 mex
943 2863 1086 2926 reuuitllt.

361 3083 401 3132 92.
424 3083 566 3147 Fur-iisque
580 3101 610 3145 u;
637 3078 782 3151 lymfatum
801 3086 861 3137 Aa.
1042 3085 1085 3135 96.
1102 3087 1254 3150 principem
1272 3084 1423 3134 aonieetura

199 3167 202 3174 ·
293 3149 406 3201 Erasmi.
580 3153 623 3202 tl.
645 3155 749 3204 latebra
763 3160 790 3204 et
802 3154 970 3206 aletetra'ass
986 3155 1005 3204 lt
1019 3153 1105 3204 Tira.
1126 3169 1143 3202 u
1157 3153 1243 3204 Heius.
1260 3149 1324 3201 Call.
1340 3151 1421 3208 obt„

293 3221 397 3270 latebra
417 3222 553 3271 abstemia
572 3221 704 3285 uitta,
732 3224 853 3274 latebrae
872 3229 901 3274 et
917 3224 1053 3274 obstetrix
1076 3221 1130 3288 (vel
1153 3223 1297 3284 operataue)
1316 3237 1333 3270 a
1347 3221 1422 3271 blm

293 3290 350 3340 Ain.
367 3289 447 3354 Lugd.
463 3289 532 3342 Siel.
542 3297 595 3341 tres
608 3289 685 3341 Febr.
700 3290 754 3342 Gis.
770 3291 867 3342 Weitz.
888 3293 967 3342 cnon.
988 3292 1072 3342 Peett.
1088 3297 1183 3340 neustr.
1197 3292 1290 3353 Aren,
1317 3289 1423 3340 latebre

294 3361 424 3410 obstetrts
437 3375 460 3424 q.
612 3359 653 3409 98.
674 3362 798 3411 eumralaa
813 3365 822 3411 i
836 3379 868 3425 α,
890 3363 998 3412 anenata
1011 3361 1152 3410 Sieli.tres.
1313 3359 1373 3409 100.
1394 3359 1421 3409 ln

292 3428 433 3494 exemplari
445 3429 619 3493 Bangarsianu
631 3430 671 3478 liic
683 3431 774 3480 lacuna
785 3437 834 3494 est,
849 3431 956 3496 ideaque
970 3429 1051 3480 leonis
1062 3431 1164 3494 glossae
1178 3429 1213 3477 ibi
1227 3427 1420 3479 desiderantur.

293 3497 377 3562 Quare
397 3513 485 3548 earum
504 3513 599 3564 paneas
620 3499 651 3548 ud
671 3499 790 3566 hymnum
811 3508 959 3565 sequentem
979 3499 1110 3551 Weilzius
1137 3497 1292 3562 deprompsit
1310 3511 1341 3546 ex
1363 3498 1420 3548 aad.

292 3564 389 3617 wien.
542 3568 598 3617 103.
614 3571 717 3618 inritus
730 3568 794 3620 obt.
811 3583 843 3618 ex
857 3570 878 3619 Α
890 3567 927 3632 R,
945 3568 989 3618 ubi
1003 3571 1105 3618 irritus
1119 3573 1224 3616 notante
1237 3565 1330 3631 leepin.
1351 3563 1421 3632 [cu.

293 3637 349 3684 eud.
365 3634 436 3686 cort.
450 3637 481 3684 all
497 3636 592 3688 Lucan.
608 3635 651 3698 li',
667 3635 722 3704 41],
741 3641 834 3690 irritis
849 3637 926 3687 Luae.
942 3637 1073 3690 arbim
1088 3652 1148 3702 qu,
1167 3638 1259 3686 irritis
1273 3635 1315 3684 vel
1326 3638 1423 3686 inritis

293 3703 375 3768 requ.
390 3704 479 3768 scripti
494 3713 520 3754 et
533 3705 591 3756 edd.
745 3708 802 3759 105.
823 3707 891 3756 Eum
905 3707 923 3756 i.
1063 3705 1121 3756 101.
1141 3709 1226 3755 saissa
1240 3720 1302 3755 sax.
1318 3707 1347 3754 Α.

339 3772 396 3821 110.
413 3774 538 3836 rependit
549 3772 579 3824 lt.
722 3776 780 3826 111.
798 3780 933 3840 perpetem
946 3773 1005 3826 flat.
1021 3791 1044 3826 m
1058 3791 1084 3826 u.
1227 3774 1286 3828 tm.
1308 3778 1422 3824 tartara

295 3840 335 3890 1α
347 3837 449 3907 [Ferme
463 3842 569 3906 pluralis
581 3841 825 3896 Prudentiuuissiuru
839 3843 950 3894 videtum
966 3843 1019 3896 cra.
1028 3845 1061 3894 Α.
1072 3845 1129 3894 749.
1146 3842 1176 3894 V.
1189 3843 1248 3894 133.
1263 3839 1387 3909 8.1,20].

374 3910 432 3961 113.
452 3927 524 3961 arene
536 3927 559 3979 q.
703 3913 760 3964 114.
781 3917 841 3977 pais
856 3913 869 3961 h
883 3927 898 3978 q
911 3918 971 3972 (nau
985 3912 1087 3975 Lutum),
1107 3911 1176 3978 quid
1186 3924 1202 3964 tt
1214 3911 1316 3966 sassa.

313 3978 371 4028 115.
389 3979 608 4046 praesularem.
630 3981 699 4032 Siel.
719 3997 760 4047 ap.
781 3985 857 4032 Arar.
879 3989 963 4034 netum
976 3981 1094 4048 apposuit
1115 3980 1201 4033 Vetus
1213 3981 1356 4046 ememplar
1368 3997 1424 4030 aaa

292 4049 434 4113 praesule,
453 4049 502 4099 sed
515 4050 641 4114 praeside
654 4051 783 4112 habetat,
804 4051 878 4117 quad
898 4051 1045 4102 Prudentia
1064 4053 1154 4116 magle
1173 4053 1297 4102 aanaeatt
1310 4050 1357 4100 saul
1370 4049 1422 4100 alr.

295 4115 325 4181 V,
341 4117 381 4170 83.
524 4119 581 4170 116.
602 4123 677 4170 ausit
688 4134 719 4184 q3
739 4127 765 4170 et
777 4135 850 4172 mars
864 4118 963 4170 Erusm.
978 4136 1027 4170 nnn
1041 4119 1118 4170 Febr.
1507 4115 1508 4140 1

350 4301 407 4377 101.
424 4325 566 4393 pareatur]
582 4325 728 4376 ludaeorum
740 4341 811 4388 gensi
