3054 4820
438 291 509 342 CAP.
527 291 559 342 ΙΙ.
590 287 634 340 litt
649 283 828 338 rennuunt!
842 283 1011 338 ornaretis,
1249 290 1289 332 vit

157 460 333 544 martyrium
350 459 498 544 adipsum
522 453 722 541 adscendit⁶).
748 493 789 504 -
812 455 925 519 Deinde
942 475 992 517 vv.
1015 461 1181 518 177...320
1204 455 1288 520 tidem

155 555 332 618 catholicam
349 566 453 619 eontra
469 555 667 620 sabellianos
682 552 831 615 defendite
849 551 979 636 Pagaui,
1002 553 1028 614 si
1044 553 1075 615 iu
1092 554 1206 617 eaelum
1223 576 1289 640 spe-

156 653 295 730 ctabant,
313 653 407 716 Deum
424 673 492 715 esse
508 671 609 735 regem
626 660 656 711 et
670 648 800 711 omnium
814 649 941 712 Deorum
960 657 1071 732 patrem
1088 649 1291 733 agnoscebant

157 751 381 827 (190...216)‚
410 764 509 808 nonne
533 765 589 807 nos
606 743 788 821 Christiani,
817 743 867 826 qui
893 745 1027 807 eumdem
1044 743 1137 807 Deum
1161 745 1219 808 iam
1245 745 1290 810 bis

157 837 270 916 „libris
288 848 318 900 et
333 859 470 922 corpore,
488 847 558 902 ante
573 837 648 915 fide,
666 857 736 900 mox
754 857 844 899 earne
860 847 891 898 et
905 837 1052 922 sanguiue
1067 847 1195 902 eoram“
1214 839 1287 902 vidi·

156 955 233 1011 mus,
252 954 320 996 eum
337 955 404 1000 esse
418 934 592 1018 negabimus
608 935 828 1014 (217...220)t
850 934 944 998 Nemo
961 945 1059 998 autem
1073 947 1131 1014 est,
1150 937 1198 1018 qui
1216 935 1288 998 haee

155 1031 374 1107 hallucinatur,
397 1031 450 1094 sed
466 1051 530 1094 oum
546 1029 609 1093 Deo
625 1029 713 1092 Patre
736 1029 825 1092 simul
840 1029 923 1094 lesus
940 1029 1033 1093 Filius
1048 1042 1174 1114 regnat,
1202 1051 1289 1113 quem

154 1128 259 1210 gennit
273 1123 365 1188 Pater
381 1147 420 1188 ex
438 1147 491 1202 66,
515 1124 565 1208 qui
581 1125 618 1186 ad
635 1125 711 1186 huno
727 1126 876 1203 recurrit,
902 1125 951 1208 qui
976 1137 1022 1188 est
1037 1147 1095 1188 rex
1110 1126 1224 1187 mediae
1241 1145 1289 1188 ra·

154 1221 246 1282 tionis
262 1230 294 1282 et
307 1219 398 1296 imae,
417 1220 466 1301 qui
482 1229 529 1282 est
542 1219 622 1280 tiens
638 1229 668 1280 et
682 1217 769 1280 homo
788 1224 1000 1297 (224...237).
1026 1217 1172 1284 Sabellius
1186 1220 1287 1302 igitur,

155 1316 179 1380 si
192 1316 303 1378 Filium
321 1315 414 1377 luisse
431 1325 532 1396 negat,
552 1333 651 1375 nonne
662 1314 777 1376 Patrem
794 1313 889 1398 ipsum
905 1315 1017 1380 laedit?
1041 1314 1193 1394 Quomodo
1210 1314 1288 1376 euim

155 1409 276 1493 genitor
292 1427 359 1470 esse
375 1417 485 1490 potest,
504 1405 562 1468 uisi
578 1405 604 1469 is
621 1425 705 1490 quem
731 1406 922 1488 generaverit
937 1407 1043 1472 existit
1060 1413 1104 1490 (v.
1121 1415 1176 1470 181
1188 1409 1290 1492 sqq.)‘i
1322 1440 1323 1444 =

155 1506 185 1569 ld
203 1516 302 1568 autem
320 1516 422 1566 nostra
439 1510 485 1564 est
501 1501 602 1573 salue,
627 1500 704 1586 quod
728 1521 877 1582 uunquam
900 1502 967 1566 siue
981 1503 1081 1568 Patris
1105 1503 1226 1566 nomine
1242 1500 1290 1566 Fi-

156 1600 246 1676 lium,
273 1618 369 1680 neque
385 1598 449 1660 siue
467 1597 543 1658 Filio
559 1597 697 1674 Patrem,
721 1616 818 1678 neque
835 1609 991 1680 utrumque
1007 1601 1208 1685 appellamus,
1232 1601 1290 1664 uisi

156 1695 305 1758 mediator
319 1695 459 1771 interest,
477 1691 606 1776 Spiritus
623 1701 705 1754 stus:
729 1692 779 1774 qui
797 1703 894 1756 tamen
911 1715 970 1756 uon
993 1704 1053 1760 tres
1070 1697 1208 1760 diversae
1224 1717 1291 1780 per·

156 1811 250 1854 sonae
274 1809 342 1854 esse
365 1802 507 1872 possunt,
533 1787 689 1852 sedunum
707 1789 819 1866 Deum,
839 1810 926 1852 unam
943 1791 1141 1855 substantiam
1158 1793 1290 1855 divinam

156 1881 337 1963 efficium).
378 1883 457 1944 Deus
475 1883 564 1944 Pater
578 1882 734 1964 generavit
749 1881 876 1945 Filium:
902 1885 980 1947 ratio
1003 1897 1102 1948 autem
1125 1886 1289 1970 generandi

156 1999 211 2042 nos
234 1978 311 2062 fugit
333 1981 409 2056 (259
434 1982 535 2060 squ),
561 1977 617 2039 hoo
634 1976 873 2054 unum-seimus,
900 1977 993 2042 Deum
1010 1981 1045 2042 ab
1069 1981 1156 2045 initio
1172 1983 1289 2046 Patrem

155 2092 228 2134 uon
245 2069 422 2155 genitum
439 2072 550 2148 inisse,
577 2069 685 2133 Filium
709 2071 746 2134 ab
769 2082 892 2134 aeterno
909 2070 1138 2156 genitum⁸),
1157 2088 1291 2138 aeter-

155 2188 261 2244 uum,
286 2167 536 2230 illoeuotore
559 2177 698 2246 satum,
724 2169 784 2230 oui
808 2168 939 2232 nullus
956 2173 1134 2256 praefuit
1154 2185 1291 2236 auctor

156 2263 366 2345 (282...295).
391 2262 491 2344 anue
508 2264 659 2325 sententia
676 2264 725 2326 all.
747 2263 856 2326 Genes.
876 2265 963 2342 XlX,
983 2273 1021 2330 24
1044 2278 1182 2332 evetere
1199 2278 1292 2330 testa·

156 2369 259 2424 mento
282 2358 494 2434 confirmatur,
521 2357 662 2420 similiter
683 2369 717 2420 ut
738 2358 776 2420 A.
804 2364 842 2420 28
866 2370 896 2421 et
919 2361 1026 2445 Psyeh.
1055 2349 1148 2446 praef.
1174 2369 1213 2425 45
1238 2363 1289 2424 all.
1347 2431 1350 2437 ¹

157 2453 270 2516 (lenes.
297 2449 415 2528 XVlll,
441 2457 458 2512 2
485 2450 642 2516 Trinitatis
667 2450 823 2535 dogma.⁹)
848 2455 988 2517 -Tum
1013 2475 1106 2538 usque
1129 2456 1211 2518 adv.
1230 2462 1287 2517 551

225 2645 254 2706 6)
275 2641 324 2706 „ln
339 2641 475 2692 refutanda
488 2641 739 2709 Patripassianorum
756 2643 872 2696 doctrina
887 2641 964 2696 Prud.
982 2659 997 2694 6
1010 2643 1174 2696 Tertulliano
1188 2653 1293 2712 praeter

159 2719 246 2762 cetera
262 2726 291 2760 eo
306 2711 402 2774 distat,
440 2711 489 2760 uod
502 2711 546 2761 ille
559 2720 710 2776 argumenta
724 2729 737 2762 6
752 2729 816 2763 novo
829 2720 951 2777 testam,
973 2714 1014 2765 tie
1028 2731 1041 2764 6
1055 2722 1143 2766 vetere
1156 2715 1218 2779 (alr.
1235 2730 1291 2780 eap.

156 2783 182 2845 5,
199 2780 241 2829 19.
259 2777 394 2844 [Proverlr.
409 2726 454 2846 Sl,
469 2781 494 2844 6,
512 2780 541 2830 tt
557 2779 632 2847 [Gen.
649 2781 669 2845 l,
684 2779 729 2848 26]
744 2784 807 2842 ete.)
827 2783 952 2848 sumpsit,
973 2791 999 2832 et
1017 2784 1082 2847 quod
1097 2785 1142 2834 ille
1156 2785 1186 2834 de
1200 2784 1294 2849 spiritu

156 2856 246 2900 saneto
261 2847 335 2914 plane
349 2849 440 2911 tacuit,
455 2849 547 2914 dequo
561 2850 602 2900 hie
614 2852 696 2900 multa
709 2851 831 2915 disputat,
846 2851 899 2901 vid.
911 2865 966 2916 esp.
980 2851 1021 2915 13,
1033 2852 1076 2914 26,
1092 2853 1133 2916 31,
1150 2853 1291 2904 86666666.

158 2917 359 2978 lliredeugeseh.
376 2915 427 2978 ΙΙΙ,
447 2932 471 2982 p.
489 2918 553 2982 177,
578 2917 725 2969 Miiusoher.
747 2918 952 2984 Dogmengesoh.
968 2919 988 2984 Ι,
1002 2937 1026 2986 p.
1041 2922 1090 2972 428
1105 2937 1158 2987 sqq.
1168 2958 1176 2984 ,
1203 2923 1294 2972 Baum—

157 2985 340 3050 garteussrus.
356 2984 373 3034 l.
390 2985 408 3035 Ι.
423 2985 543 3036 Ceterum
557 2989 742 3038 emanationem
756 2987 802 3037 filii
816 3005 848 3038 ex
862 2985 910 3038 Dei
924 3004 984 3051 ore,
999 2989 1029 3038 de
1043 3005 1091 3054 qua
1104 2988 1213 3041 Tertull.
1229 2989 1258 3051 (l.
1275 2990 1292 3040 Ι.

157 3071 213 3122 cap.
235 3053 262 3117 8,
283 3054 337 3103 vid.
357 3069 402 3103 nos
423 3054 453 3104 ad
469 3055 586 3107 Cathem.
600 3055 647 3121 ΙΙΙ,
662 3057 687 3120 2,
702 3073 725 3122 p.
741 3057 769 3120 9)
789 3056 906 3124 pluribus
919 3057 988 3122 egit,
1008 3056 1174 3108 Prudentium
1194 3074 1292 3122 quoque

156 3123 277 3189 probare,
291 3137 324 3171 ex
337 3138 361 3172 v.
376 3123 409 3172 ts
424 3123 491 3186 (Hor
502 3121 620 3175 Verbum
633 3124 684 3190 ast,
699 3127 771 3190 qnod
783 3129 917 3176 vibratum
931 3125 1025 3176 Patris
1040 3143 1086 3176 ora
1100 3129 1213 3191 benigno
1227 3126 1291 3191 eto.)

157 3197 214 3242 iure
227 3197 315 3256 potest
327 3190 456 3254 concludi,
470 3193 536 3257 quod
550 3207 651 3257 moneo,
666 3196 768 3260 nequis
782 3202 882 3261 poetam
898 3193 1165 3262 Pseudo-Hippolyti,
1180 3195 1222 3260 qui
1237 3211 1291 3244 eam

157 3261 274 3322 reticuit,
289 3261 415 3310 asseclam
428 3268 510 3325 putet,
525 3261 577 3312 eir.
592 3261 738 3314 Miinsoher.
754 3263 773 3328 Ι,
788 3281 812 3330 p.
828 3264 912 3314 437.“

228 3352 255 3407 l)
273 3347 418 3411 „Laetaut
442 3348 523 3399 instit.
546 3348 590 3413 lV‚
611 3351 652 3413 29,
669 3351 699 3402 3:
721 3352 787 3402 Cum
807 3352 920 3402 dirimas
933 3352 1020 3402 Deam
1033 3352 1140 3402 Patrem
1160 3357 1189 3401 et
1207 3351 1293 3400 Deum

158 3419 270 3480 Filium,
286 3433 339 3467 non
353 3418 489 3468 diversum
502 3418 616 3470 dirimas
635 3435 684 3470 nee
702 3426 849 3486 utrumqne
861 3422 1042 3482 6666666666,
1065 3419 1138 3485 quod
1150 3433 1196 3467 nae
1209 3418 1295 3468 Pater

158 3503 174 3536 6
197 3486 270 3536 Filio
287 3490 378 3550 potest
397 3501 447 3535 666
465 3486 552 3538 Filius
570 3503 587 3538 6
604 3489 686 3538 Patre
700 3489 822 3547 deserni,
845 3491 872 3536 si
884 3487 990 3552 quidem
1003 3488 1146 3537 neoPnter
1157 3487 1294 3538 sineFila'o

156 3557 314 3620 naneupara'
332 3569 379 3602 666
391 3555 653 3621 Filiuspotestsina
665 3557 903 3620 norreganorum,
918 3553 990 3606 Tert.
1006 3556 1066 3606 adv.
1082 3555 1159 3606 Prax.
1175 3556 1208 3606 2:
1231 3554 1294 3606 Tres

156 3630 253 3674 antem
272 3637 324 3671 non
344 3627 421 3672 statu
439 3625 487 3673 sad
503 3625 611 3688 gradu,
627 3641 674 3674 666
686 3626 842 3674 substantia
855 3623 1022 3689 sedsormo,
1037 3630 1235 3692 estpotestate
1247 3641 1296 3674 neo

156 3694 254 3758 speeie.
274 3689 358 3742 Unius
372 3697 463 3742 antam
477 3693 647 3746 substantiae
660 3699 689 3744 at
705 3697 787 3744 aonias
799 3698 890 3746 statas
911 3700 938 3744 et
950 3697 1029 3744 nenias
1044 3697 1208 3762 potestatis,
1231 3697 1295 3760 qaia

155 3760 323 3823 6666612666,
338 3775 373 3808 66
382 3776 434 3824 quo
442 3761 547 3828 gradis
560 3767 610 3813 isti
621 3763 767 3827 etsormaa
781 3768 806 3812 et
818 3766 918 3830 speeies
930 3767 958 3812 in
972 3768 1077 3814 nomina
1086 3763 1181 3814 Patris
1195 3769 1223 3813 at
1232 3763 1297 3812 Filii

158 3836 187 3880 et
200 3829 323 3894 Spiritus
335 3832 374 3878 sti
385 3830 587 3894 deputantur.“

231 3916 257 3980 8)
278 3917 385 3978 „Simili
399 3927 549 3982 argumento
564 3921 594 3969 ad
605 3919 747 3972 sabellium
760 3917 929 3970 refellendum
943 3920 1025 3970 utitur
1034 3919 1173 3988 Dionysius
1185 3919 1298 3970 Alexan-

157 3985 462 4106 glinhssffl'umms'
483 3989 514 4039 de
534 3996 646 4044 sentent.
666 3989 775 4057 Dionys.
795 3996 883 4042 eontra
901 3989 992 4044 Arias.
1014 3989 1079 4056 Opp.
1093 3989 1114 4054 Ι,
1135 4005 1160 4055 p.
1175 3989 1226 4038 559
1239 4001 1293 4054 sqq.

231 4153 258 4213 9)
271 4151 447 4216 „Prudentius
456 4155 503 4204 666
513 4155 539 4203 in
548 4153 689 4206 Sabelliani
700 4154 851 4220 quaestione
861 4153 949 4204 habita
957 4153 1024 4204 alius
1032 4152 1164 4216 dogmatis,
1180 4151 1231 4202 nisi
1241 4167 1297 4201 eum

159 4221 287 4274 Filium
306 4223 486 4284 negavisse
499 4223 652 4274 mentionem
666 4239 714 4274 non
730 4223 808 4288 lacit,
829 4238 908 4288 quare
927 4225 951 4272 ei
971 4224 1058 4286 ignota
1073 4220 1154 4270 luisse
1168 4220 1296 4280 videntur,

163 4290 277 4358 quaeda
295 4289 342 4339 illo
363 4291 495 4342 haeretico
516 4292 604 4343 dieunt
616 4291 773 4344 Theodoret.
794 4291 859 4358 (lab.
881 4292 954 4342 6666.
970 4291 1004 4355 ΙΙ,
1019 4292 1061 4353 9);
1083 4290 1132 4341 καὶ
1148 4287 1178 4341 ἐν
1195 4287 1247 4354 μὲν
1264 4289 1298 4358 τῇ
