2994 4826
472 284 608 340 conith
622 285 793 340 stiltincu.
813 287 833 338 Ι.
1146 284 1208 346 217

293 476 367 559 Seps
382 472 501 540 insueta
516 474 596 538 subit
613 493 735 560 serpere
750 473 879 538 llexibus
964 450 972 538 ‘i
1054 501 1063 520 ··

292 580 323 632 et
337 567 456 633 vibrare
471 589 568 654 sagax
583 569 693 652 eloquii
707 581 808 654 capnt:

291 667 343 730 sed
355 666 467 729 ‘dextra
482 666 630 749 inpatiens
646 663 790 742 vulneris,
808 664 915 728 inritos

292 758 353 822 oris
369 759 512 822 rhetorici
524 758 636 841 depulit
651 758 772 836 halitus,

293 853 415 915 ellusum
432 852 544 935 ingenii
561 852 644 916 virus
661 851 792 916 inaniter

291 967 406 1009 summa
423 946 610 1010 Christicolis
625 946 657 1008 in
673 956 741 1009 cute
757 944 900 1010 substitit.

357 1039 496 1105 Salvator
511 1041 633 1124 generis
649 1041 796 1118 Romulei,
812 1061 933 1124 precor,

291 1136 340 1220 qui
355 1137 468 1201 cunctis
485 1138 602 1202 veniam
619 1137 671 1202 das
687 1137 892 1222 pereuntibus,

292 1234 341 1315 qui
357 1234 468 1296 nullum
484 1235 590 1298 statuis
606 1254 666 1297 non
682 1234 781 1317 operis
797 1234 839 1296 tui

291 1329 457 1405 mortalem,
475 1329 556 1392 facili
571 1349 659 1411 quem
674 1329 792 1392 releves
807 1348 916 1391 manu:

290 1421 391 1498 huius,
408 1422 434 1486 si
447 1424 524 1506 potis
540 1435 597 1501 est,
614 1423 673 1486 iam
689 1422 887 1500 miserescito,

291 1527 480 1600 praeruptam
496 1518 528 1580 in
543 1519 659 1580 foveam
675 1517 845 1602 praecipitis
861 1516 929 1581 viri.

290 1611 389 1696 Spirat
403 1613 560 1698 sacrilegis
575 1613 692 1677 flatibus
708 1613 823 1678 inscius

289 1728 469 1793 erroresque
484 1731 556 1775 snos
571 1708 709 1773 indocilis
724 1711 817 1772 fovet.

291 1800 443 1882 Ohtestor‚
460 1803 578 1880 iubeas,
597 1824 635 1867 ne
651 1803 727 1867 citus
740 1803 861 1886 inpetus

289 1919 428 1964 arsurum
443 1898 548 1964 mediis
564 1900 674 1964 inferat
689 1897 819 1982 ignibus.

540 2127 747 2136 ...μ-...η-

232 2287 404 2356 Credebam
419 2295 506 2358 vitiis
522 2309 650 2372 aegram
664 2295 836 2374 gentilitus
852 2294 959 2356 urhem

164 2386 227 2449 iam
243 2390 320 2452 satis
335 2391 455 2466 antiqui
471 2392 627 2468 pepulisse
643 2391 782 2469 pericula
798 2390 910 2464 moriri,

164 2486 403 2562 necquidquam
419 2490 541 2548 restare
557 2489 640 2564 mati,
658 2491 823 2564 postquam
838 2485 991 2548 medicina

164 2579 317 2655 principis
332 2581 504 2644 inmodicos
520 2583 693 2645 sedaratin
709 2597 781 2644 arce
797 2581 932 2644 dolores.

164 2671 225 2738 Sed
242 2678 387 2752 quoniam
403 2683 553 2741 renovata
568 2679 637 2741 iucs
652 2680 779 2741 turbare
796 2678 929 2740 salutem
1189 2687 1205 2737 e

162 2775 294 2848 temptat
307 2769 520 2853 Romulidum,
537 2772 642 2838 Patris
658 2775 839 2852 inploranda
856 2772 975 2836 medela
991 2775 1050 2851 est,

146 2929 189 2979 tt.
209 2927 276 2994 Seps
289 2929 310 2980 it
323 2947 342 2978 o
353 2945 378 2980 m
391 2929 477 2981 Latin.
498 2928 670 2982 viterbiensis
688 2947 720 2983 ex
738 2931 887 2982 coniectura
904 2936 971 2980 teste
985 2927 1135 2978 castalione
1147 2941 1204 2981 var.

82 2992 137 3046 leot.
158 3013 184 3048 e.
197 2996 241 3047 tt.
261 2995 361 3050 Weitz.
380 2999 467 3050 licius.
484 2998 548 3050 Cell.
570 3000 648 3051 hrev.
670 3000 735 3051 0bb.
761 2999 826 3066 [ch.
848 3003 926 3050 brev.
946 2997 1064 3061 Prolegg.
1085 3012 1111 3062 p.
1132 2994 1203 3060 1741,

81 3061 143 3128 Spes
155 3065 174 3116 li
187 3065 224 3116 W
236 3081 251 3116 a
263 3083 279 3117 u
293 3067 350 3120 hld.
366 3067 447 3133 Lugd.
466 3067 688 3120 statimstatic.
704 3068 758 3120 Gis.
774 3067 869 3132 Graes.
885 3067 963 3120 chor.
976 3065 1060 3118 Poett.
1074 3065 1170 3115 Amstr.

129 3136 171 3186 tt.
190 3137 268 3188 uibra
281 3153 308 3187 c.
433 3138 477 3188 77.
495 3137 648 3190 habituali.
773 3138 815 3190 et.
831 3137 937 3191 cohil.
1060 3135 1102 3186 85.
1123 3135 1206 3185 Proo-

80 3209 188 3269 ruptum
205 3205 254 3256 lc.
360 3206 402 3258 87.
423 3207 578 3258 indocibilis
593 3207 642 3258 lo.

144 3342 204 3393 Lib.
217 3340 239 3392 1.
263 3342 364 3409 Incipit
377 3343 506 3395 aduersas
519 3345 721 3411 Symmachum.
740 3342 858 3394 Aurelii.
869 3342 951 3393 Petu.
968 3341 1037 3391 liter
1047 3342 1127 3404 prior
1145 3336 1201 3389 liat.

79 3421 115 3471 m,
136 3409 274 3477 inscriptio
296 3429 313 3460 c
327 3412 414 3476 nulle,
432 3414 537 3478 Incipit
552 3414 633 3464 Liber
650 3414 759 3464 Primae
777 3429 810 3476 u,
837 3411 872 3461 nil
891 3411 997 3461 adnotat
1016 3408 1152 3459 Moriettus
1171 3421 1204 3458 ex

80 3473 151 3542 Prng.
216 3478 265 3530 Vv.
281 3480 374 3531 i...ao.
389 3498 438 3532 om.
454 3484 484 3533 A.
575 3483 600 3533 2.
617 3483 769 3548 piaculari.
858 3482 882 3530 4.
903 3481 949 3530 Pr.
965 3482 995 3528 in
1007 3477 1123 3529 medicos
1136 3476 1167 3528 it.

109 3547 134 3597 5.
154 3549 209 3599 lueis
223 3549 263 3599 lc
275 3547 337 3615 (non
351 3550 452 3616 uiue).
471 3550 541 3619 [Cir.
558 3551 597 3603 Ps.
614 3549 688 3618 508J.
793 3550 818 3599 6.
838 3548 952 3599 medella
966 3564 993 3596 α.

126 3701 170 3752 74.
190 3700 288 3753 Lucan.
303 3699 347 3767 IX,
362 3704 411 3755 723
432 3704 549 3771 Ossaque
563 3705 618 3757 dis·
712 3707 739 3756 4.
766 3701 914 3770 principis]
940 3703 1124 3754 Constantini
1152 3702 1202 3755 loo.

76 3769 178 3820 solvens
199 3787 259 3822 cum
273 3785 384 3837 corporo
403 3775 528 3838 tobificus
546 3791 615 3840 seps.
661 3773 770 3825 licieras
783 3774 868 3840 potins
881 3789 937 3822 enni
948 3770 1004 3824 Gis.
1020 3771 1107 3823 Charo.
1122 3771 1201 3822 Areu.

76 3835 127 3890 cir.
149 3839 261 3924 lieppoh.
282 3856 304 3891 s.
324 3857 350 3890 v.
374 3842 474 3906 σῆπες,
489 3843 557 3903 ζῶα,
576 3841 618 3914 ἑρ-
661 3843 727 3894 0bh.
747 3850 774 3894 et
793 3842 853 3894 aliis
873 3843 905 3893 ad
927 3841 1122 3907 Theodosium,
1148 3841 1203 3894 vid.

76 3901 160 3970 uerri,
193 3924 281 3976 οφεις.
313 3909 420 3960 Adiudit
448 3912 479 3961 ad
503 3921 616 3980 etymon,
662 3913 781 3978 524sqq.

75 3972 185 4040 σήπειν.
199 3979 380 4044 putrefaceret
396 3978 463 4032 Plio.
473 3979 575 4045 XXIX,
589 3984 615 4044 5,

75 4045 331 4112 32‚xxiii‚2,29.
711 4051 737 4099 5.
763 4055 893 4102 renouato
907 4048 976 4116 laos]
996 4050 1027 4101 do
1041 4045 1200 4108 Constantio,

122 4115 166 4166 89.
183 4117 221 4167 iit
235 4133 260 4166 v.
272 4117 305 4168 it
318 4117 459 4168 revertitur
471 4120 597 4170 narratio.
659 4117 776 4182 Iuliano,
806 4118 1000 4181 Valentiniano,
1026 4116 1133 4168 Veiente
1157 4121 1203 4164 aut

660 4189 781 4239 nibllaut
799 4188 869 4254 pigre
889 4186 1083 4255 prohibentibus
1096 4185 1200 4234 deorum

125 4253 149 4302 i.
166 4251 228 4303 leid.
244 4251 313 4318 Vlll,
324 4256 351 4306 4.
365 4255 430 4307 Solo
443 4255 614 4320 cadelim,
659 4258 755 4308 cultum
768 4258 863 4325 accipit
877 4258 942 4309 Cell.
961 4257 1010 4306 Ast
1024 4253 1201 4322 Symmachum

72 4327 181 4374 caelare
196 4323 306 4390 oppida.
619 4369 621 4376 .
658 4327 750 4393 tangit.
