3016 4832
500 339 775 393 rualsuuruauou
793 335 827 394 X.

358 528 517 606 „Animae
532 529 676 606 saliatem,
695 529 760 590 sola
777 541 856 604 quae
872 541 933 590 uon
948 529 1072 604 oceidit,

273 627 352 704 „sed
367 627 442 702 iuge
457 626 573 688 durans
589 625 728 700 dispares
745 639 837 686 casus
853 626 949 702 subit,

273 727 355 800 „aut
369 722 438 783 luce
453 721 564 798 iulget,
582 724 638 792 aut
652 721 790 783 unebms
806 721 969 798 mergitur.

273 813 461 895 „Cluuium
478 821 586 879 secuta
601 814 707 878 Patris
722 818 821 878 intrat
834 817 978 895 gloriam,

274 911 455 988 „disiuncta
471 906 597 972 Christo
613 911 807 1004 mancipatur
822 915 952 974 tartaro.
1175 921 1225 970 tro

360 1001 534 1083 „Curanda
549 1007 662 1068 merois
678 1007 824 1085 qualitas,
841 1021 994 1084 quaenam
1010 1007 1084 1068 mihi

274 1102 461 1179 „contingat
475 1103 548 1165 olim
564 1103 699 1179 perpetis
716 1104 925 1165 substantiae:

275 1211 372 1274 „nam
389 1198 525 1259 membra
541 1198 756 1280 parvipendo,
774 1213 836 1274 uuo
851 1203 940 1275 pacto
956 1198 1077 1272 cadant,

275 1307 412 1370 „casura
429 1297 513 1354 certe
528 1293 599 1368 lege
614 1296 744 1353 naturae
760 1307 847 1354 suae.

276 1381 403 1462 „lnstat
416 1386 519 1462 ruina,
538 1385 620 1460 quod
635 1385 851 1447 resolvendum
867 1390 926 1464 est,
944 1387 1026 1448 ruat.
1177 1392 1226 1445 oso

360 1477 453 1556 „Neo
468 1476 574 1556 distat,
592 1479 676 1555 ignis
691 1483 723 1540 et
738 1480 880 1542 ridiculae
896 1482 1049 1556 saeviant,

274 1587 339 1649 „an
356 1586 468 1649 corpus
483 1587 612 1650 ιιιςιιιιι
626 1573 760 1649 languor
775 1589 866 1652 asper
879 1579 1035 1651 torqueat,

275 1681 370 1743 „curn
384 1681 478 1742 saepe
493 1670 616 1729 morbos
633 1669 731 1729 maior
745 1673 845 1730 armet
861 1670 1009 1730 saevitas.

275 1761 371 1840 „Non
388 1765 576 1840 ungularum
590 1767 677 1825 tanta
694 1764 743 1825 vis
758 1765 841 1826 latus
858 1766 946 1842 ledit,

175 1937 236 1986 414.
257 1939 342 1986 intrat
355 1935 430 1988 Cbor.
446 1936 531 1987 Poatt.
630 1939 690 1988 476.
709 1937 834 1988 Curanda
846 1953 923 2004 supra
935 1937 948 1988 l
961 1937 1024 1988 dum
1037 1952 1077 2000 m;
1098 1936 1227 1988 Curorada

104 2019 206 2056 macer
219 2005 306 2071 parulis
325 2011 353 2056 et
365 2022 496 2072 quaenam
514 2007 584 2055 mibi
601 2005 694 2070 castig.
713 2006 827 2066 Caueb.‚
853 2007 942 2074 qualis
960 2023 992 2056 aa
1012 2021 1144 2073 quaenam
1161 2006 1230 2054 mibi

104 2075 175 2124 coni.
192 2073 278 2124 lleius.
383 2075 443 2125 tid.
463 2081 537 2124 certa
553 2073 622 2124 Lolt.
638 2073 734 2126 Weitz.
750 2076 857 2140 Anasta,
871 2076 916 2126 sed
929 2075 979 2126 clr.
993 2075 1024 2127 H.
1038 2073 1120 2140 prael.
1137 2073 1177 2122 12.

159 2143 221 2193 480.
240 2143 320 2193 cadat
332 2144 350 2192 lt
362 2150 450 2210 (sopra
464 2145 524 2206 alt.)
538 2157 552 2208 q
565 2159 651 2207 margo
666 2144 742 2194 trium
756 2143 825 2195 siet.
953 2144 1013 2208 481.
1034 2148 1110 2209 ignee
1122 2142 1197 2204 Prag.
1213 2140 1228 2190 b

105 2214 154 2263 2m
168 2229 184 2262 ιι
198 2210 254 2262 Gis.
268 2210 381 2275 weita,
401 2213 567 2276 etfidieulaa
579 2215 600 2262 Α
614 2211 634 2262 ΙΙ
648 2213 724 2263 Lour.
747 2228 787 2263 aa
797 2213 887 2278 bmqu
906 2214 964 2264 ald.
979 2213 1061 2276 Lugd.
1077 2211 1146 2263 Lott.
1161 2207 1228 2278 (heic

96 2281 236 2345 Mareade)
251 2281 317 2332 Sicb.
328 2289 381 2331 tres
395 2283 449 2334 dis.
465 2282 561 2334 Weilz.
578 2279 655 2330 Cbor.
675 2280 758 2332 Poelt.
773 2284 865 2333 dmstr.
887 2284 965 2334 Arev.
980 2281 1045 2332 0bb.
1061 2281 1126 2347 [Cle.
1140 2281 1190 2330 592
1204 2285 1230 2328 et

105 2349 248 2400 Grammat.
268 2365 309 2416 ap.
330 2348 423 2401 Maium
443 2350 517 2414 Vlll,
540 2367 565 2417 p.
579 2349 658 2416 2071,
684 2349 961 2414 aufidiculaeVall.,
991 2347 1227 2414 alfidialoePrag.

105 2418 196 2469 Heius.
212 2417 299 2468 clam.
315 2419 378 2470 Call.
485 2421 544 2472 482.
564 2420 664 2484 longor
675 2435 690 2484 q
703 2435 719 2468 ιι
731 2420 789 2470 ald.
804 2418 885 2484 Lugd.
997 2421 1057 2471 483.
1077 2415 1227 2468 ademtaeE

104 2487 222 2554 quitz
254 2491 320 2538 coni.
336 2489 430 2540 Caocb.
447 2489 533 2540 Heins.
549 2488 612 2539 Call.
633 2490 709 2538 Arev.
726 2488 808 2552 0bb.,
833 2487 1060 2540 saeornuuuw
1078 2495 1139 2538 cett.
1153 2486 1228 2537 codd.

103 2572 148 2623 ap.
164 2555 252 2607 licina.
276 2563 301 2607 et
319 2557 384 2608 obt.
404 2574 458 2608 cnm
480 2558 557 2608 Laur.
573 2557 642 2607 Vall.
658 2575 675 2607 a
687 2573 703 2607 ιι
716 2557 731 2607 b
745 2573 768 2606 m
781 2573 797 2605 u
815 2566 841 2608 et
861 2559 941 2624 requ.
956 2558 1013 2608 edd.
1029 2557 1078 2608 aiei
1091 2557 1156 2622 qood
1172 2553 1227 2604 Gis.

103 2627 228 2746 {5²¹¹er
243 2629 371 2691 saevitae,
389 2628 454 2678 Cum
467 2643 544 2692 saepe
556 2627 666 2676 mortae
678 2630 767 2677 maior
779 2632 937 2678 desaevitur
952 2627 1042 2678 Perrh.
1111 2624 1230 2690 litiosa-

126 2711 140 2742 3
227 2731 235 2744 ι
641 2713 642 2717 ,

159 2849 221 2898 481.
234 2846 377 2917 fidiculae]
393 2841 478 2912 sanese
498 2848 535 2900 ad
547 2850 649 2918 fiagel—
690 2851 766 2913 gulae
780 2851 834 2900 sive
847 2849 965 2900 lidiculae
979 2865 1027 2899 oon
1041 2850 1165 2910 deerant,
1180 2849 1227 2898 clr.

106 2917 230 2968 landum.
251 2917 502 2983 Quamuisfidteala
516 2935 532 2968 a
547 2919 647 2980 fidibus
691 2919 751 2970 Son.
765 2920 796 2969 de
809 2919 848 2968 ira
861 2917 906 2983 ill,
920 2921 950 2970 3:
970 2919 1099 2983 equuleus
1118 2925 1147 2968 et
1159 2918 1229 2980 fidi-

106 2987 228 3050 diaatar‚
244 2989 271 3036 ia
283 2989 332 3038 boc
342 2993 430 3036 tamen
442 2987 500 3037 loeo
510 2991 649 3054 sagafioat
691 2989 777 3052 culae,
790 2987 834 3051 lli,
847 2989 887 3050 19,
903 2989 1006 3039 Hieron.
1021 3003 1061 3053 ep.
1073 2987 1122 3037 49:
1139 2989 1230 3038 Crinas
1253 3030 1255 3040 .

105 3055 225 3121 ungulas
238 3055 279 3105 uel
287 3071 372 3121 genus
387 3060 525 3120 tormenti,
543 3073 595 3124 quo
608 3060 649 3106 rei
690 3057 812 3122 ligantur
825 3057 860 3106 ad
871 3061 995 3124 stipitem
1010 3055 1045 3122 [in
1059 3056 1103 3106 illa
1114 3056 1230 3106 machina

103 3129 134 3174 in
148 3124 260 3188 equuleo
280 3128 405 3190 suspensi
419 3131 596 3192 torquentur,
614 3131 649 3175 ut
690 3123 812 3193 stantem]
836 3132 863 3176 et
884 3132 942 3177 toto
964 3142 1075 3191 corpora
1097 3126 1132 3176 ad
1150 3141 1231 3190 equu-

96 3190 494 3256 fidesetuerltasiaocaiotur
520 3195 646 3245 Fidicula
691 3196 759 3246 laum
772 3198 880 3261 sarlius
898 3195 1023 3259 adligato
1043 3197 1137 3242 vicinis
1153 3193 1230 3257 pedi·

101 3277 194 3328 gerarte
218 3265 349 3312 tormenti
369 3263 411 3312 vel
430 3264 508 3328 s'erri
528 3263 648 3313 subtilis·
692 3265 740 3314 bue
760 3267 830 3328 ignis
848 3265 1011 3328 adponitur,
1032 3267 1176 3326 utrumque
1190 3261 1229 3310 la·

103 3334 188 3394 simi,
215 3347 267 3396 quo
291 3332 476 3382 incidebantur
499 3337 646 3398 martyres.
691 3339 734 3382 tuo
755 3333 883 3396 carnifex
894 3333 988 3396 sedit,
1009 3327 1227 3380 ammianum.

102 3399 156 3450 lso.
195 3398 324 3464 Quodnam
344 3401 453 3466 triplicis
472 3401 546 3451 huius
569 3401 648 3450 inier-
692 3400 788 3463 xxix,
814 3402 841 3450 l:
874 3399 1094 3451 intercluduntur
1115 3399 1228 3463 equulei,

102 3463 259 3536 pletameoti
283 3485 369 3519 verum
392 3471 442 3533 sit,
474 3470 504 3519 de
527 3486 555 3519 eo
581 3469 648 3520 inter
691 3470 875 3534 expediuntur
889 3470 1010 3535 pondero
1028 3469 1229 3533 plumbearum

101 3545 320 3587 commentatores
345 3539 511 3604 disceptatur.
544 3537 647 3588 Plurimi
684 3539 810 3599 ,fidiculis
830 3543 855 3586 et
873 3539 1032 3588 uerberibus.
1064 3536 1101 3586 De
1122 3535 1230 3601 equuleo
1260 3559 1262 3564 ¹

101 3607 174 3656 euim
189 3607 331 3657 machinam
345 3609 430 3657 multis
451 3607 552 3657 loribus
566 3608 649 3658 inteu—
690 3611 743 3672 ipso
757 3607 808 3656 vid.
824 3606 911 3668 Sigon.
926 3607 944 3657 Ι.
960 3608 993 3670 1.,
1016 3605 1094 3656 lurel.
1111 3606 1142 3655 ad
1157 3603 1231 3654 Panl-

101 3683 160 3726 tarn
181 3674 278 3738 (Sigon.
301 3678 331 3726 de
350 3677 427 3725 indic.
448 3675 494 3739 ΙΙΙ,
516 3677 576 3742 18),
603 3676 646 3730 alii
691 3673 1227 3739 114111.Μιιῑίιι.Ι’,41,ΤιιιιιιΙι.ΑιΙι.

100 3744 225 3795 fidiculas
243 3745 309 3794 idern
330 3746 394 3810 qnod
411 3747 518 3808 ungulas
532 3752 646 3808 censent,
690 3743 749 3808 XV,
766 3745 811 3808 16,
833 3743 934 3794 Gallon.
954 3746 986 3795 de
999 3752 1106 3812 martyr.
1121 3759 1190 3794 cruc.
1206 3759 1229 3808 p.

100 3828 173 3880 quae
206 3814 343 3877 explicatio
369 3813 480 3864 Obbario
511 3830 560 3864 una
585 3829 648 3864 vera
691 3815 751 3877 312,
772 3811 860 3864 Vales.
880 3815 912 3863 ad
932 3815 1012 3864 Amne.
1032 3811 1112 3864 Marc.
1132 3811 1229 3876 XXVl,

99 3883 228 3946 videtum
249 3883 375 3948 „primurn
394 3883 459 3933 enim
480 3883 526 3932 boc
544 3884 648 3933 verbum
693 3883 741 3946 10,
760 3881 920 3947 Oseobriigg.
943 3883 973 3933 ad
987 3882 1041 3934 Cic.
1062 3899 1100 3949 pr.
1116 3881 1170 3932 llil.
1185 3881 1229 3942 21,

99 3967 132 4001 ι’.
143 3950 195 4000 484
205 3967 259 4016 sqq.
274 3958 300 4001 et
310 3953 359 4003 550
372 3951 556 4018 interpretatur
568 3951 646 4002 Prud.
692 3953 734 4015 57,
759 3967 782 4016 p.
805 3952 867 4014 108,
894 3952 935 4018 qui
957 3952 1023 4002 conl.
1050 3951 1100 4001 lac.
1125 3949 1228 4015 Dbpler.

96 4022 175 4086 ipse,
200 4019 290 4070 deiude
308 4021 449 4071 adsentitur
469 4021 560 4071 isidor.
575 4019 648 4085 Oris.
691 4021 818 4070 theatrum
838 4036 974 4087 paenarum
996 4023 1057 4070 oder
1075 4019 1229 4084 Sebaoplatz

99 4088 138 4151 V,
161 4089 213 4140 27:
235 4090 351 4154 ungulae
370 4091 473 4152 dietae,
497 4090 570 4155 quod
587 4092 649 4157 effo—
693 4089 767 4139 deren
787 4089 891 4140 Leibes·
915 4107 940 4140 u.
962 4088 1188 4140 Lebens-Straleu
1209 4086 1227 4150 l,

97 4159 204 4221 dtam,
229 4157 295 4208 linea
312 4159 502 4222 etfidiealae,
528 4162 592 4224 quia
611 4163 649 4208 ais
693 4175 716 4224 p.
731 4158 814 4207 219.“
841 4159 962 4224 Equidem
982 4173 1030 4208 oon
1049 4157 1228 4217 dubitaverim,

96 4230 149 4279 rei
160 4231 190 4277 in
210 4226 321 4291 equuleo
335 4233 508 4295 torquentur.
535 4228 648 4293 Denique
692 4227 752 4293 quio
772 4244 803 4277 ea
822 4243 883 4278 vnce
896 4227 967 4278 vario
980 4227 1059 4276 variis
1075 4225 1231 4291 temporibus

96 4299 130 4347 in
153 4295 297 4348 adhibendo
317 4298 442 4363 equuleo,
465 4311 539 4362 quem
554 4295 586 4360 V,
601 4297 649 4347 109
692 4312 769 4354 sensu
782 4303 882 4347 vetares
895 4297 933 4348 usi
949 4297 1052 4348 luerint.

95 4374 141 4418 et.
160 4381 188 4416 v.
209 4365 267 4428 110,
281 4366 332 4418 tao
351 4374 426 4432 poeta
445 4366 584 4430 describit,
602 4380 649 4415 ιιιι-
