2994 4826
458 291 592 346 cournl
607 291 777 348 sunnine.
799 293 832 345 n.
1150 291 1211 356 283

170 495 324 564 quemque
338 493 393 559 qer
408 481 569 543 ennomus
585 481 743 558 proprisos
768 480 821 542 seli
838 483 969 557 conpeta
984 478 1091 541 eodem

171 581 232 644 line
246 579 380 642 ooarleri
397 577 491 638 simul
508 579 540 637 et
555 589 741 640 concurrere
756 578 789 640 in
805 590 914 638 unum.

169 672 254 758 Quin
269 676 361 736 etium
378 672 498 734 ouelum
514 671 608 747 eique
625 672 738 749 solum,
756 675 879 748 ventos,
897 683 995 748 mure,
1012 671 1122 746 noles,

169 771 312 832 omnious
327 769 359 829 in
376 779 530 828 ounmune
545 766 624 843 ieri,
641 767 692 829 vel
708 767 761 842 qui
777 767 908 828 colimus
923 769 968 838 te,
1118 815 1121 826 .

169 858 309 937 Christe,
325 860 376 921 vel
393 863 467 920 exin
482 859 575 920 litent
590 859 722 935 soulolls
738 860 790 934 qui
806 859 911 922 labilia
926 857 1025 920 sexis.
1160 867 1211 919 reo

231 955 306 1020 Non
322 969 402 1031 nego
419 968 601 1016 eonmunem
618 954 740 1015 ounolis
757 953 934 1017 viventibus
953 966 1044 1015 usum

168 1053 265 1129 aeris,
284 1056 451 1128 astrorum,
470 1050 584 1127 pelagi,
602 1047 724 1114 telluris
740 1055 772 1112 et
786 1051 905 1112 imonis.

167 1143 235 1210 lmo
251 1146 344 1208 etiem
358 1146 495 1207 iniustus
511 1145 629 1220 pariter
643 1145 808 1221 iustusque
824 1145 882 1206 sub
897 1155 961 1206 uno

171 1255 231 1302 exe
247 1239 510 1319 habitunteunus
526 1239 608 1315 oepit
622 1239 726 1314 inpius
741 1242 773 1300 et
788 1239 857 1314 qius
873 1252 988 1315 nurnsq

171 1340 279 1398 oostus
295 1339 326 1397 ei
341 1337 492 1412 incestus,
511 1335 659 1397 meretrix
676 1338 708 1396 et
722 1339 831 1412 nuptu,
849 1347 907 1396 neo
921 1335 1002 1396 ulter
1161 1344 1211 1395 785

168 1449 224 1496 ore
240 1433 425 1508 sacerdotis,
444 1445 536 1508 quom
552 1431 750 1494 mirmillonis
765 1431 891 1493 anhelet

168 1529 311 1605 spiritus,
329 1527 414 1588 aerio
429 1527 524 1588 vitem
541 1528 594 1601 qui
609 1529 762 1603 temneret
776 1526 903 1588 haustu.

167 1619 278 1684 Nulles
294 1636 389 1684 verno
405 1621 484 1697 pluit
499 1617 644 1697 Zephyro
662 1621 840 1697 inpellente,
859 1619 913 1681 seni
929 1629 1028 1696 oeque

171 1717 251 1778 luris
268 1720 300 1777 et
313 1715 439 1776 innocui
456 1714 604 1776 fecundat
617 1726 692 1778 rure
708 1714 820 1776 oolonl.

173 1806 318 1886 Gurgitis
334 1809 446 1870 aestivi
462 1808 508 1869 sio
524 1821 600 1884 pura
617 1809 733 1870 lluenle
749 1808 863 1884 vietor,

171 1909 206 1966 ut
220 1905 313 1980 latro,
332 1904 436 1965 lessus
452 1903 534 1964 ellit:
560 1905 606 1964 sle
622 1903 734 1979 piratis
750 1917 836 1964 mere
851 1902 962 1978 servit,

170 2002 206 2059 ui
222 1998 397 2074 mercatori,
417 2011 474 2058 nee
490 1997 603 2058 lluetus
619 1999 737 2059 seolius
754 1996 837 2060 hosti

171 2092 362 2169 obsequitur,
381 2105 474 2169 quem
491 2105 560 2154 oum
577 2091 682 2152 lioitne
698 2091 760 2152 lert
774 2092 914 2151 transtra
929 2089 1065 2152 ourinoe.

171 2182 257 2262 Ergo
274 2201 372 2263 capax
388 2187 553 2262 utriusque
568 2185 614 2248 rei
632 2189 744 2248 notura
760 2183 904 2245 creandis

171 2293 206 2340 se
221 2279 347 2356 praebet
362 2280 496 2356 pupulis,
515 2294 572 2340 neo
588 2279 681 2342 lleloet
697 2278 874 2339 discernere
890 2277 996 2352 ‹lisqar
1162 2285 1213 2336 795

171 2374 332 2436 viventum
348 2377 506 2451 meritum,
525 2389 604 2452 quos
620 2377 743 2436 tantum
758 2385 888 2448 pascere
904 2371 990 2432 iussu
1006 2374 1067 2431 est.

172 2467 280 2534 Servit
295 2472 378 2533 enim
393 2472 540 2547 mundus,
558 2486 621 2532 non
636 2471 774 2532 iudicet:
799 2467 858 2530 hoo
873 2468 932 2529 silli
949 2481 1090 2530 summus

170 2569 303 2627 naturae
318 2561 471 2628 Dominus
486 2565 726 2642 praescriptam
743 2568 884 2640 tempore
900 2566 1018 2626 servet.

157 2756 216 2806 776.
237 2754 392 2819 ornsrootue
405 2771 438 2820 a,
459 2755 603 2821 anso-notos
616 2753 691 2820 Rotq
710 2760 825 2822 conpeta
837 2749 902 2806 AW
916 2752 973 2804 nat.
989 2770 1006 2802 α
1017 2767 1031 2804 ιι
1044 2752 1103 2804 nlo.
1119 2751 1214 2804 Weiln.

81 2823 177 2876 Heius.
197 2823 280 2888 (ibn,
305 2827 428 2889 eompito
449 2825 528 2875 bour.
543 2841 559 2874 u
572 2824 632 2874 lilii
650 2825 749 2876 emend.
764 2822 847 2887 Lugii.
866 2830 893 2873 et
914 2823 995 2888 requ.
1018 2823 1076 2874 edd.
1098 2820 1167 2890 [cn.
1183 2826 1213 2872 Α.

80 2892 169 2960 ornei.
185 2890 223 2959 7].
363 2893 423 2944 777.
443 2897 583 2945 oooretaro'
596 2909 621 2944 ιι.
765 2894 824 2944 781.
851 2895 1137 2956 eornm-uno...ioeom
1156 2891 1215 2941 llll.

80 2961 329 3026 Lugd.Sieh.tres.
425 2963 485 3014 783.
501 2965 675 3028 iniust-nequo
689 2961 759 3012 Sieln.
775 2961 796 3011 il
812 2960 845 3012 ili
861 2967 920 3023 (oon
935 2960 968 3026 l).
1059 2962 1118 3012 787.
1133 2965 1216 3010 onero
1326 2997 1332 3010 .

82 3034 145 3094 la,
174 3031 272 3082 hausto
290 3030 311 3082 E
330 3045 356 3082 n.
496 3033 554 3084 790.
568 3033 690 3100 fluentia
703 3031 772 3083 Stel.
786 3030 808 3081 li
825 3030 857 3081 ill
872 3031 992 3082 mendose
1006 3037 1067 3088 (non
1081 3029 1112 3091 l).

119 3101 181 3152 791.
197 3107 293 3152 seruat
306 3099 386 3151 lRol.
398 3137 405 3163 ,
416 3100 514 3165 fornel
525 3117 550 3152 a.
634 3101 694 3152 792.
708 3103 815 3168 fluvios
826 3103 916 3150 eem'ue
928 3099 967 3164 Aq
985 3100 1077 3149 rodino
1090 3097 1128 3166 E3
1142 3113 1215 3148 vooe.

99 3176 148 3220 tue
162 3173 246 3219 rolino
259 3171 335 3220 nosti
347 3171 401 3220 deo.
416 3171 441 3220 in
455 3185 480 3220 ιι.
571 3171 630 3220 793.
649 3169 796 3235 lioilaferl
810 3171 846 3228 ll,
867 3167 1061 3233 dominaofort
1072 3167 1132 3218 nil.
1146 3165 1216 3217 sicu.

81 3247 139 3290 tres
154 3237 232 3290 Torn.
250 3238 326 3290 Febr.
342 3237 397 3290 (lio.
412 3237 509 3304 Gnuug.
524 3239 602 3290 Cher.
618 3239 700 3290 Poell.
714 3240 811 3290 Amstr.
826 3238 892 3288 Geli.

138 3427 200 3478 787.
224 3427 279 3478 cn.
302 3427 395 3495 Symm.
417 3427 462 3495 Ep.
486 3427 554 3480 i.l.:
581 3431 632 3481 Ae-
675 3443 790 3494 respons.
819 3427 883 3492 Quis
904 3422 1067 3473 mirmilloni
1077 3419 1219 3471 contendi«

82 3514 168 3566 quum
189 3501 244 3560 eol,
267 3497 402 3564 quidquid
419 3513 509 3548 omnes
528 3499 629 3562 colunt,
676 3502 743 3548 tur?
755 3499 931 3562 aequimanus
948 3491 1049 3542 Tlornoe.
1070 3490 1142 3540 Aine
1161 3489 1217 3542 cie.

82 3583 169 3618 uorum
198 3569 305 3634 poloni.
349 3565 448 3617 Eodem
479 3571 631 3632 spectamus
677 3565 783 3631 Philipp.
800 3563 841 3628 vi,
857 3563 906 3613 5.“
922 3561 998 3623 enit,
1020 3557 1113 3622 „Fest
1127 3576 1152 3626 p.
1169 3559 1220 3608 233

82 3641 184 3699 notra,
209 3651 339 3685 conrnune
358 3635 460 3686 ceolum
484 3642 540 3697 eol,
561 3636 631 3686 idem
676 3633 726 3698 (erl.
748 3633 878 3695 Liudern.)
893 3629 1122 3682 murmillonicum
1134 3644 1221 3696 genoe

80 3721 134 3756 nos
159 3704 275 3754 mundus
293 3704 416 3756 involvit.
455 3703 525 3770 Quid
548 3709 632 3754 n'nlor-
676 3707 837 3752 armaturae
870 3699 1002 3751 Gallicum
1032 3704 1085 3760 eol,
1113 3701 1221 3764 ipsiquo

82 3780 142 3836 ert,
165 3789 219 3838 qua
239 3777 353 3839 quisque
371 3773 518 3842 prodentia
540 3789 632 3824 norom
675 3771 863 3822 murmillones
881 3775 944 3820 anto
963 3765 1035 3818 Galli
1053 3765 1108 3834 [qui
1126 3768 1175 3818 toll
1194 3765 1220 3817 in

82 3845 231 3910 inquirat?
264 3839 320 3895 Uno
346 3847 444 3894 itinere
466 3858 518 3893 non
539 3847 633 3908 potest
675 3836 1096 3906 ermiseront]appellabantur,
1113 3839 1221 3901 inquo-

79 3913 230 3980 porveniri
240 3911 277 3961 od
290 3917 346 3962 lam
357 3911 463 3978 grande
476 3917 619 3962 secretum.
675 3926 737 3960 nuno
759 3909 848 3976 galeis
870 3911 953 3974 oiseis
978 3907 1087 3974 effigies
1111 3909 1220 3956 inerat.-

141 4014 201 4066 ⁷⁸³·
219 4013 312 4064 inii·
327 4015 353 4077 δ’
367 4015 409 4065 ⁴⁵·
676 3973 1001 4114 llilllllllillll
1015 3989 1221 4110 limittit

138 4117 199 4168 786.
221 4115 405 4182 mirmillonis]
433 4115 633 4180 „Gladiolorum
679 4119 726 4167 lue
746 4117 888 4166 deducunt:
911 4115 964 4166 vil.
985 4113 1071 4164 Soloi.
1087 4112 1117 4160 al
1133 4111 1221 4162 loven.

82 4203 168 4253 genus
192 4185 328 4249 mirmillo,
356 4201 411 4236 eum
439 4186 557 4248 limare,
581 4185 633 4236 olio
677 4184 746 4248 viil,
765 4185 829 4249 loe,
856 4177 1220 4236 Volesiullmmlomlloro.

81 4271 198 4322 genere,
225 4255 340 4322 componi
360 4256 472 4306 sollium.
504 4254 634 4304 Ausonius
677 4247 1219 4322 nlmiquam,uipeslt.li,2‚1o.“

84 4325 286 4393 Technopueqn.
314 4340 370 4390 esp.
395 4323 444 4375 Per
463 4326 587 4388 interrog.
608 4331 635 4374 et
679 4323 745 4374 Oob.
