3046 4830
606 329 823 383 inordiendis
914 331 916 337 '
934 357 937 366 Δ

241 517 378 579 creditur
393 520 485 578 extra
500 517 620 594 oculos,
638 522 674 578 ut
689 519 850 594 apostolus
866 520 975 582 edocet
989 524 1109 597 auctor,

242 612 294 685 qui
310 614 406 686 negat
420 611 537 672 intuitu
553 611 670 672 iontem
686 611 813 673 deitatis
827 613 918 674 adiri.
1013 688 1016 695 Ι
1072 685 1075 694 ,

242 699 380 780 Credite,
397 720 488 766 nenio
505 705 603 767 iteum
619 705 708 792 uidit,
727 705 801 767 mihi
818 701 1067 781 credite‘nerno.

159 851 162 856 ,
240 799 384 864 Visidilis
400 803 437 862 de
453 804 539 864 iente
554 799 651 878 DeuS,
669 816 731 862 non
747 801 814 876 ipse
829 800 887 864 Dei
904 803 974 865 tons

240 895 385 971 visibilis,
404 897 489 956 cerni
506 897 586 972 potis
603 900 661 973 εει,
680 897 732 971 qui
751 897 903 976 nascitur,
921 901 1030 959 utnon

241 993 369 1054 innatus
385 989 472 1054 cerni
486 993 568 1068 potis
583 986 658 1055 est's
675 993 753 1054 latet
767 1007 803 1054 os
818 989 924 1054 Patris
940 993 1029 1069 iilud,

243 1084 325 1146 unde
342 1081 438 1162 Deus,
455 1085 509 1161 qui
523 1086 679 1147 visibilem
696 1102 730 1148 se
745 1087 904 1162 praestitit
920 1087 1005 1164 olim,

245 1180 306 1240 daie
320 1180 435 1256 aliquid
453 1181 591 1244 iorrnans
607 1181 639 1242 in
655 1196 737 1257 sese,
756 1182 849 1256 quale
864 1185 973 1243 secuta
988 1186 1037 1243 est

242 1275 358 1350 passio,
376 1287 456 1350 quae
472 1287 585 1349 corpus
600 1274 658 1362 sibi
676 1275 829 1337 vindicat:
849 1275 947 1338 ardua
963 1291 1034 1338 narn
1050 1275 1099 1336 vis

138 1395 142 1402 ·
244 1359 507 1446 ostinpassiniits,
526 1371 673 1445 quonian
689 1375 800 1434 natura
818 1372 944 1448 superni
1180 1359 1182 1364 ’

243 1467 327 1543 ignis
343 1468 380 1530 ad
397 1467 558 1528 horrificas
573 1468 675 1534 nescit
692 1457 878 1529 descendere
894 1481 1020 1543 paenas,

245 1577 301 1623 nec
317 1563 400 1638 capit
415 1563 559 1624 humanis
575 1563 745 1639 angoribus
761 1563 948 1638 excruciari,
980 1597 984 1606 ·

245 1670 333 1732 pura,
353 1670 475 1732 serena,
494 1657 624 1733 micans,
643 1657 760 1732 liquido
775 1655 948 1734 praelibera
965 1658 1063 1730 motu,

249 1751 372 1812 subdita
387 1765 444 1812 nec
459 1753 615 1828 cuiquam,
635 1753 823 1814 dominatrix
840 1756 947 1828 utpote
964 1761 1078 1822 rerurn,

152 1848 155 1854 ’
246 1846 296 1906 cui
311 1859 372 1906 non
388 1846 572 1922 principium
589 1847 626 1907 de
640 1852 792 1925 tempore,
811 1847 863 1910 sed
881 1861 976 1922 super
991 1859 1081 1906 omne
1123 1907 1124 1913 1

246 1937 367 2014 tempus
383 1943 414 2000 et
428 1945 501 2001 ante
517 1940 595 2001 diem
613 1941 760 2006 maiestas
776 1955 847 2003 cunr
863 1939 957 2004 Patre
974 1950 1107 2013 summo,

247 2036 309 2096 into
324 2035 447 2097 aninrus
462 2032 569 2097 Patris
585 2040 616 2097 et
631 2038 712 2098 ratio
734 2041 767 2098 et
781 2039 832 2099 via
848 2037 1062 2110 consiliorum,
1142 2041 1144 2048 ’

247 2145 327 2207 quae
343 2146 403 2192 non
420 2132 503 2193 iacta
519 2147 612 2194 rnanu
628 2148 689 2194 nec
700 2147 777 2195 voce
793 2139 900 2196 ereata
914 2131 1061 2203 iubentis,

248 2225 378 2300 protudit
393 2225 546 2300 inperium
562 2227 662 2302 patrio
677 2231 800 2288 rucinia
816 2227 981 2303 protunda.

248 2315 336 2378 Hanc
351 2319 450 2394 igitur
466 2333 525 2380 non
544 2320 641 2396 dangre
657 2326 777 2396 secant,
795 2335 857 2382 non
875 2323 966 2396 sputa
982 2316 1090 2378 sativis

248 2413 450 2488 adspergunt,
470 2414 568 2488 aiapis
583 2423 645 2475 non
662 2419 757 2476 vexat
772 2416 874 2490 palma
891 2413 1006 2486 oensis,

252 2521 309 2568 nec
324 2506 465 2592 periossa
482 2509 568 2578 cruci
584 2509 743 2570 clavorum
759 2508 892 2570 vulnera
909 2509 1019 2582 rigunt.

249 2601 306 2664 His
323 2603 445 2664 adiecta
461 2618 535 2665 caro
552 2609 600 2665 est
615 2604 769 2678 hominis,
789 2619 882 2679 quum
899 2603 1012 2663 sentina
1030 2611 1206 2674 praegnans

250 2697 342 2758 enixa
359 2699 408 2756 est
423 2698 480 2758 sub
496 2697 566 2773 lege
582 2701 674 2775 uteri,
694 2700 762 2759 sine
778 2698 847 2774 lege
863 2695 978 2757 rnariti.

249 2785 305 2848 lile
321 2789 434 2848 iamern
451 2790 580 2866 patitur,
601 2792 641 2852 iei
658 2794 745 2866 potat
760 2794 792 2850 et
807 2789 912 2858 haurit
927 2790 1068 2848 acetum=

250 2882 303 2942 ilie
318 2887 411 2956 pavet
427 2883 536 2962 mortis
553 2884 675 2959 facient,
692 2885 797 2946 treurii
814 2884 867 2944 ilie
883 2883 1033 2943 doiorern.
1132 2951 1136 2957 Δ
1246 2889 1294 2938 ruo

314 2973 417 3038 Dicite
433 2979 580 3054 sacrilegi
596 2979 752 3053 doctores,
764 2979 822 3052 dui
836 2973 933 3040 Patre
949 2989 1072 3037 summo

251 3071 409 3132 desertum
426 3072 562 3132 iacuisse
577 3072 724 3133 thronum
739 3071 938 3145 contenditis,
957 3071 1011 3130 iiio

235 3226 277 3276 78.
300 3226 350 3274 Dei
359 3222 429 3291 sons
448 3225 536 3276 ABR
555 3226 635 3279 Laur.
657 3243 675 3276 α
692 3241 715 3275 ru
734 3241 750 3275 u
770 3226 827 3276 nid.
849 3225 930 3288 Lugd.
952 3223 1093 3274 Sich..tros
1114 3219 1191 3272 chor.
1215 3219 1296 3271 Poett.

163 3298 262 3347 Amstr.
277 3294 364 3345 Heius.
381 3294 470 3344 Chaur.
485 3294 551 3346 ecit.
566 3293 649 3358 Oion,
671 3295 741 3344 Deua
753 3294 824 3360 sona
835 3291 932 3345 Weiss.
949 3307 962 3342 ε
976 3292 991 3341 6
1004 3307 1019 3356 q
1038 3289 1115 3341 Febr.
1130 3289 1184 3340 Gis.
1200 3289 1295 3341 Weitz.

165 3367 245 3416 Areu.
364 3363 406 3413 79.
426 3363 486 3416 Post
499 3363 620 3416 Viac'da'lc‘c
640 3379 688 3414 non
705 3364 866 3428 distinguunt
879 3361 938 3412 nid.
950 3359 1048 3422 Lugd.;
1065 3364 1143 3425 podes
1157 3363 1196 3408 εει
1209 3375 1227 3406 α
1242 3359 1296 3421 lm,

162 3436 270 3499 poterit
284 3433 346 3482 Bon.
361 3431 437 3483 Voce.
452 3437 500 3498 qui
510 3437 648 3484 nascitur.
660 3463 666 3482 .
679 3437 771 3499 podda
783 3438 826 3482 eat
837 3447 885 3481 uon
900 3426 1082 3478 desiderantur
1095 3428 1119 3475 in
1134 3443 1168 3488 α,
1182 3433 1211 3476 ut
1220 3426 1297 3475 Areu.

164 3502 272 3564 usserit,
292 3501 336 3552 scd
351 3516 396 3552 suo
410 3502 466 3552 loco
480 3503 573 3552 omissa
588 3517 602 3551 ε
615 3501 723 3552 librario
737 3501 845 3564 margini
858 3499 980 3563 inscripta
994 3503 1062 3545 suut.
1163 3495 1205 3545 83.
1221 3509 1298 3560 quem

165 3571 204 3633 Τ,
226 3569 422 3621 condecernit.
438 3569 520 3636 Lugd.
536 3572 668 3622 sienem
682 3570 759 3620 Febr.
776 3567 873 3620 Weitz.
889 3566 965 3617 Cher.
979 3565 1064 3614 Posti.
1080 3563 1176 3614 Amstr.

236 3639 280 3690 91.
303 3654 351 3690 eru.
366 3645 395 3690 ct
405 3647 464 3691 cote
478 3644 521 3690 oin
534 3639 555 3689 Τ
570 3639 626 3690 Pnt.
640 3638 728 3706 Tiar.
744 3655 772 3687 α.
912 3635 955 3685 93.
970 3639 1081 3684 ructata
1094 3631 1143 3682 cir.
1161 3630 1188 3682 P.
1203 3632 1263 3682 316.

199 3711 245 3760 97.
266 3706 378 3774 quemP
393 3708 412 3758 it
432 3710 488 3758 end.
504 3708 599 3760 dauco.
616 3707 714 3759 Weiss.
729 3724 747 3756 α
760 3722 775 3756 ε
788 3706 803 3756 b
817 3706 862 3755 2m
883 3703 939 3755 Gis.
957 3703 1053 3754 Amstr.
1076 3701 1165 3753 Heius.
1179 3700 1301 3767 (eaodem

166 3779 228 3830 icet.
252 3778 277 3826 in
297 3777 365 3826 notis
379 3792 405 3826 re
424 3770 567 3828 retendens
587 3785 708 3844 utquam
729 3775 918 3838 commendans)
938 3772 1027 3822 enom.
1048 3773 1126 3822 Areu.
1146 3771 1207 3837 (non
1221 3768 1301 3829 Geli.)

166 3847 235 3914 [cn.
251 3846 281 3897 C.
294 3844 344 3914 111,
361 3846 409 3896 142
432 3865 438 3909 ς
458 3849 576 3913 exesam.
592 3846 682 3897 Goion.
700 3847 775 3896 1701.
933 3841 1098 3910 ‚ossanna
1112 3839 1188 3903 Put.;
1208 3842 1264 3889 uiri
1276 3853 1300 3902 p.

166 3921 244 3968 uteri
255 3915 319 3965 Bon.
365 3957 369 3964 .
462 3917 520 3966 101.
541 3920 605 3982 quia
619 3915 696 3980 nid,
716 3917 764 3982 qui
775 3929 792 3964 a
805 3912 888 3975 Lugd.
910 3925 942 3961 ex
954 3909 1183 3968 didi-correctura.

202 3985 265 4036 102.
285 3985 364 4035 deum
377 3998 464 4048 margo
479 3987 554 4036 trium
568 3985 638 4035 Sici.

221 4141 267 4191 75.
288 4137 325 4189 lo.
341 4138 357 4188 l.
372 4139 389 4188 i.
411 4138 442 4187 ud
455 4153 481 4188 v.
497 4137 523 4200 9,
543 4154 583 4204 ep.
601 4137 660 4203 i,d,
676 4138 717 4201 12,
813 4137 856 4187 93.
876 4133 997 4199 ructata]
1016 4132 1132 4183 offendit
1150 4127 1303 4180 eiuscemodi

166 4209 186 4261 1.
202 4210 271 4260 Tim.
287 4209 313 4272 6,
330 4208 370 4258 16.
761 4206 910 4270 metaphora
920 4202 1070 4254 Ceilariurn.
1085 4200 1135 4249 Sed
1146 4197 1301 4248 vid.Psaln1.

762 4275 834 4338 44,1
860 4275 1002 4324 Eructavit
1022 4285 1069 4320 cor
1086 4283 1173 4317 oneum
1195 4268 1304 4316 uerbum

224 4347 270 4396 87.
291 4343 348 4396 cn.
360 4343 389 4395 S.
404 4343 436 4408 ii,
453 4345 511 4396 181.
765 4345 872 4406 donum,
887 4341 945 4391 coli.
962 4341 990 4396 C.
1005 4338 1053 4400 ΧΙ,
1071 4338 1100 4387 iu
1115 4349 1169 4400 sqq.
