3016 4832
643 252 719 306 auu.
735 250 917 304 ruuubilril
931 249 1035 302 etun.

448 443 559 520 „mille
575 443 605 503 in
625 438 783 504 Bethleem
799 453 891 515 quem
908 439 1056 500 biberunt
1069 438 1211 514 parvuli=

448 539 571 616 „oblita
586 537 678 599 laetis
695 539 726 597 et
741 535 925 610 papillarum
942 535 1095 595 inmemor
1205 538 1212 548 ·

448 635 565 709 „aetas
580 631 708 705 ameris,
727 643 800 690 mex
817 629 927 690 deinde
943 627 1088 690 dulcibus

452 728 597 805 „reiecta
614 725 713 801 poclis
730 724 822 786 mella
838 723 973 800 sumpsit
989 722 1165 799 sanguinis.

535 820 752 901 „Exemplum
769 822 806 882 ad
822 823 906 883 istud
922 821 1036 897 nitere,
1054 836 1072 881 ο
1090 820 1181 882 tertis
1197 835 1286 897 puer,

449 932 630 995 „generosa
645 917 748 993 proles
764 917 875 988 matris
891 920 923 977 ei
937 916 1093 992 potentia!

449 1011 595 1092 „Omnes
611 1027 741 1088 capaces
758 1025 831 1074 esse
844 1011 996 1073 virtutum
1013 1008 1110 1073 Pater

450 1111 638 1188 „mandavit
652 1123 764 1186 annes,
782 1109 938 1170 nemiuem
954 1109 1077 1185 excepit
1092 1109 1171 1169 diem

451 1205 555 1282 „ipsis
571 1203 746 1279 triumphes
761 1204 903 1263 adnuens
918 1203 1085 1279 vagitibus.

536 1299 647 1376 „Seis
665 1313 758 1374 saepe
773 1299 850 1375 dixi,
869 1312 940 1360 cum
956 1299 1078 1360 decenti
1094 1298 1259 1361 adluderes

449 1401 509 1474 „et
524 1395 724 1472 garrulorum
741 1395 833 1470 signa
848 1394 1014 1456 verborum
1031 1395 1133 1470 dares,

450 1487 547 1568 „Isac
563 1490 662 1551 luisse
678 1491 844 1567 parvulum
861 1493 941 1566 patri
959 1491 1097 1567 unicum,

451 1587 544 1663 „qui
562 1599 634 1647 eum
649 1586 848 1647 inmolandus
864 1601 951 1648 aram
968 1591 1001 1647 et
1015 1599 1122 1645 ensem
1137 1588 1293 1661 cerneret,

451 1683 561 1760 „ultre
579 1684 716 1744 sacranti
734 1682 814 1744 cella
829 1683 1008 1759 praebuerit
1024 1683 1103 1743 seni.

538 1777 702 1855 „Narravi
719 1784 751 1839 el
765 1779 841 1840 illud
859 1779 962 1841 nobile
978 1793 1015 1838 ac
1030 1777 1230 1839 memorabile

452 1878 650 1950 „certamen
669 1888 731 1936 una
748 1879 847 1935 matre
863 1873 943 1949 qued
961 1877 1080 1950 septem
1096 1872 1170 1934 editi

452 1981 608 2042 „gessere
623 1969 723 2043 pueri,
742 1968 796 2028 sed
814 1972 918 2030 tamen
935 1967 1029 2029 iactis
1045 1968 1118 2043 viri,

452 2059 626 2134 „hortante
642 2061 748 2122 eadem
765 2064 864 2122 matre
880 2061 912 2122 ln
928 2061 1055 2134 ancipiti
1071 2059 1160 2120 exitu

447 2168 592 2230 „paenae
607 2160 638 2216 et
653 2170 787 2216 coronae
803 2155 950 2231 sanguini
967 2158 1002 2215 ut
1018 2168 1056 2214 ne
1071 2158 1248 2229 parcerent.

538 2247 702 2326 „Videbat
715 2250 804 2325 ipses
817 2249 987 2324 adparatus
1002 2251 1149 2311 tuncrum

453 2356 630 2418 „praesens
646 2357 788 2419 suorum,
806 2357 865 2402 nec
882 2344 1065 2404 movebatur
1079 2355 1205 2418 parens,

453 2437 596 2513 „laetata
612 2439 759 2514 quotiens
775 2442 831 2498 aut
845 2438 928 2499 olive
946 2437 1078 2499 stridula

454 2537 610 2610 „sartago
625 2535 744 2596 irinum
760 2533 931 2595 torruisset
945 2534 1104 2609 puberem,

288 2639 338 2689 teu
454 2628 551 2705 „dira
567 2633 622 2690 aut
638 2633 809 2690 cremasset
825 2628 1043 2690 lamminarum
1059 2627 1226 2704 inpressio.

356 2770 415 2818 737.
444 2769 578 2818 Bethleem
599 2767 679 2818 Later.
702 2786 719 2816 e
733 2783 748 2817 a
763 2769 805 2834 tq
826 2785 840 2818 u
859 2770 991 2819 Sieb.tres
1013 2767 1092 2820 Febr.
1113 2767 1211 2818 Weitz.
1233 2765 1312 2814 Cher.
1333 2763 1414 2814 Paeti.

287 2838 382 2886 Arnsir.
397 2833 479 2894 ubi„
501 2837 643 2887 betheleem
664 2853 702 2895 m,
725 2838 877 2888 Bethlehem
899 2837 953 2889 Gis.
974 2837 1062 2887 Heius.
1084 2837 1149 2887 deli.
1170 2838 1267 2898 Areu,
1297 2834 1415 2884 Betbiem

287 2905 344 2956 ald.
360 2904 441 2968 tege.
458 2904 547 2954 Parrb.
666 2907 727 2958 739.
751 2907 836 2956 Aetas
854 2910 932 2972 prius
951 2909 1056 2958 amaris
1070 2905 1124 2968 1b3
1150 2907 1252 2954 emeris
1272 2904 1328 2966 lec
1356 2907 1418 2952 eene

287 2973 381 3023 deinde
406 2972 478 3023 dulc.
506 2972 577 3027 Leti.
705 2976 765 3026 746.
792 2974 904 3039 Referta
924 2974 980 3026 unt.
995 2974 1094 3026 Weitz.
1109 2974 1169 3036 (boe
1185 2973 1225 3038 B),
1240 2972 1286 3022 sed
1299 2972 1417 3036 resectus

287 3048 327 3093 est
339 3047 478 3092 recreatus
497 3049 525 3091 et
539 3041 568 3092 de
588 3041 644 3091 cibe
658 3057 688 3092 ac
701 3051 762 3108 polu
775 3045 876 3109 proprie
890 3044 998 3094 dieitur:
1021 3043 1052 3107 V,
1068 3043 1127 3093 332.
1151 3041 1208 3093 Liv.
1222 3039 1363 3101 XXXVli,
1377 3039 1417 3088 24.

288 3112 360 3161 Curi.
374 3109 435 3168 Vll,
451 3111 476 3173 5,
493 3112 533 3160 76.
550 3111 582 3172 V,
596 3111 623 3174 d,
636 3111 687 3175 233
714 3113 780 3162 unde
795 3112 824 3162 C.
840 3111 887 3174 lx,
902 3114 935 3163 59
956 3114 1059 3176 resecta
1076 3128 1144 3162 nunc
1162 3111 1236 3162 malit
1255 3108 1344 3174 0tt.;
1362 3123 1419 3158 een-

287 3177 486 3244 pecualitate
507 3195 587 3230 crana.
712 3181 774 3236 742.
795 3182 884 3245 prolia
906 3183 956 3233 Ῑα.
1007 3230 1011 3238 ,
1082 3181 1142 3231 746.
1163 3180 1227 3230 dum
1243 3177 1419 3240 Weitz.(uba

287 3250 326 3313 Β).
444 3249 505 3302 ili.
523 3251 643 3314 signauit
656 3250 751 3299 berum
770 3249 801 3299 Α.
926 3250 986 3299 748.
1007 3250 1067 3298 laec
1079 3265 1097 3300 α
1109 3247 1207 3299 Weitz.
1224 3247 1316 3298 Heius.
1332 3247 1420 3302 Areu..

288 3319 363 3368 isaac
377 3316 453 3367 Lacr.
469 3316 536 3366 abm
546 3333 584 3382 qu
597 3324 623 3367 et
636 3317 716 3382 requ.
733 3316 803 3380 edd,
819 3319 884 3382 qued
898 3332 977 3384 aeque
991 3318 1092 3369 admitti
1106 3323 1199 3384 petest.
1287 3317 1353 3368 756.
1365 3331 1422 3382 pre·

287 3389 385 3436 teitu.
468 3387 528 3440 752·
549 3385 736 3440 Vllaeduiu.
823 3387 883 3440 753.
905 3384 1055 3436 Caesareii.
1144 3387 1203 3436 754.
1219 3388 1248 3434 in
1260 3399 1315 3436 ο.
1335 3386 1390 3435 lm.

331 3456 390 3505 755.
411 3460 444 3505 ut
455 3471 507 3504 non
520 3453 601 3503 Laur.
614 3469 639 3502 u.
746 3455 807 3508 756.
826 3453 940 3506 Ridebat
953 3470 1031 3521 supra
1044 3455 1088 3506 alt.
1104 3453 1141 3517 B3
1160 3459 1188 3502 ei
1201 3457 1277 3519 ipses
1293 3453 1376 3518 Preg.

357 3524 416 3572 758.
435 3529 527 3574 aulem
540 3521 609 3572 Leti.
625 3540 631 3585 3
652 3523 725 3572 oliae
741 3523 794 3576 im.
912 3526 969 3574 760.
991 3529 1136 3575 cremasset
1150 3522 1230 3573 Lacr.
1246 3521 1333 3586 Pup.
1349 3541 1367 3572 n
1381 3521 1424 3572 bm

287 3605 332 3656 qu
345 3591 402 3640 did.
419 3591 501 3653 Lugd,
520 3590 654 3640 stannes
667 3588 768 3642 Weilz.
789 3590 867 3643 Cher.
882 3591 966 3644 Poeit.
981 3594 1075 3642 Amstr.
1090 3593 1187 3653 Aren,
1215 3591 1426 3654 crepaeeeibb

287 3658 547 3778 audeaut
562 3657 610 3778 lt
623 3660 802 3780 ualui
816 3659 978 3779 ullu
993 3659 1049 3778 ii·
1065 3659 1425 3782 *¹⁰²u·il·r·1i‘¹l⁰li·

288 3726 363 3845 ime.
379 3764 410 3845 de
422 3766 530 3860 budrug.
546 3765 593 3860 ill,
603 3743 657 3847 iili.
671 3744 837 3848 leiusticum.
855 3747 1002 3865 ’iustelfup
1015 3743 1235 3850 {tltgm-ffinsetgd.
1244 3769 1353 3864 lteiiig.
1366 3765 1427 3849 ’Ver-

288 3867 411 3928 lesuegeu
425 3863 488 3913 iiber
499 3865 546 3914 lai.
562 3864 845 3931 Spraebwissensciaii
857 3882 881 3932 p.
897 3867 970 3936 lali.

339 4001 400 4053 742.
418 4000 567 4122 pultenb'eI]V
577 4003 650 4053 Sicut
662 4004 726 4056 ileu.
747 4003 766 4067 l,
781 4003 831 4054 664
927 4005 987 4054 752.
1013 4003 1130 4070 septem]
1151 4010 1250 4070 septem
1277 4005 1430 4059 Maeeabee-

287 4071 352 4122 iliud
376 4069 508 4122 Maronis=
566 4078 625 4134 ete,
651 4087 725 4121 meae
750 4076 830 4136 uires,
875 4088 945 4122 orum
960 4074 1063 4138 iratres,
1078 4073 1126 4124 cir.
1141 4071 1296 4138 v‚⁵2a,il.
1314 4075 1429 4129 maeel.

288 4156 346 4193 nce
359 4155 458 4206 magna
469 4144 594 4204 petentia
609 4140 694 4190 sulus.
875 4143 899 4205 7,
915 4143 929 4190 3
944 4158 998 4209 sqq.

339 4209 398 4257 756.
430 4207 568 4278 sacrante]
599 4209 722 4259 usitatius
747 4213 831 4259 saeri-

282 4277 381 4347 ,ficnre
396 4278 445 4328 cir.
460 4279 521 4330 912.
