3020 4832
575 276 795 334 erotfldbsts.

101 509 103 514 -
208 476 240 533 et
255 473 347 547 iaoet,
365 471 398 532 in
414 468 546 534 nihilum
562 469 706 544 ouoniun
722 467 803 530 redit
818 475 910 528 omne
925 465 1084 547 politum.¹

205 561 294 646 Quod
312 564 379 626 lieri
395 563 516 638 recipit,
535 563 646 636 recipit
660 562 844 637 quandoque
859 560 972 636 perire

273 657 308 724 st
325 661 468 720 nostrum
483 660 593 718 onuba
609 653 690 731 quod
707 657 760 732 sit,
777 656 828 717 vis
844 656 1142 732 discere'templuru,

205 756 257 814 est
271 753 361 826 illud,
380 752 461 826 quod
477 765 567 812 nenio
582 751 688 826 opifex
705 749 857 814 fabriliter
871 753 982 832 aptans
1070 745 1072 750 ’

205 849 380 926 conposuit,
399 847 481 925 quod
497 846 584 908 nulla
600 847 687 908 abies
703 841 835 921 pinusve
852 845 953 908 dolata
1105 881 1109 890 ·
1196 851 1247 916 eto

204 947 320 1021 texuit,
339 945 446 1005 exciso
461 944 541 1020 quod
558 955 716 1018 uunquam
731 939 885 1004 marmore
900 941 1016 1002 erevit:

205 1041 297 1101 ouius
315 1053 395 1099 onus
411 1037 507 1100 nullis
522 1037 636 1098 tultum
653 1037 786 1098 sublime
801 1035 975 1111 columpnis

205 1133 327 1194 iornloe
341 1135 471 1192 onrvato
486 1131 574 1192 tenui
590 1143 685 1205 super
698 1131 947 1206 aroepependit:

209 1228 263 1288 sed
279 1228 374 1288 verbo
390 1215 506 1288 loetum
522 1224 660 1302 Domini,
679 1239 739 1288 non
756 1241 835 1288 vooe
850 1240 978 1300 sonora,
994 1249 997 1258 v

204 1324 260 1385 sed
276 1325 382 1396 verbo,
401 1323 482 1396 puod
498 1335 620 1402 semper
635 1327 718 1404 erat:
738 1323 867 1384 verbum
882 1335 955 1384 earo
971 1321 1088 1382 leolum
1104 1320 1163 1380 est.
1195 1326 1251 1408 ete

153 1413 157 1418 ’
205 1417 273 1480 lloo
288 1419 616 1493 templumaeternum
632 1423 691 1504 est,
709 1419 768 1480 hoo
784 1419 876 1487 linem
891 1433 956 1478 *non
974 1415 1078 1492 babet,
1095 1415 1155 1476 boo
1169 1405 1204 1474 tu

204 1527 387 1590 expugnare
404 1511 512 1590 voleus
528 1512 646 1588 flagris,
663 1525 769 1589 eruce,
788 1512 861 1574 lelle
876 1511 995 1588 petisti.
1013 1507 1016 1514 “

203 1605 408 1670 Destruotuur
423 1607 521 1668 iacuit
535 1608 642 1682 paenis
658 1608 862 1670 vexantibus:
881 1611 960 1680 esto.
981 1685 985 1696 ‚

133 1779 136 1786 Ι
203 1698 320 1762 Matris
336 1702 419 1778 eninr
434 1715 474 1762 ex
490 1705 592 1777 utero,
610 1703 691 1777 quod
707 1702 934 1778 destrueretur,
947 1691 1095 1764 babebat.

205 1791 266 1857 Sed
283 1798 363 1871 quod
381 1800 479 1858 morte
495 1796 582 1859 brevi
598 1800 794 1859 materneex
809 1800 897 1871 perte
912 1787 1048 1872 solutum
1064 1799 1124 1871 est,
1196 1805 1247 1856 sao
1301 1815 1303 1820 ·

204 1889 371 1952 maiestate
384 1887 489 1953 Patris
505 1891 611 1952 vivum
627 1891 684 1952 lux
699 1891 794 1952 tertia
809 1883 921 1954 reddit.
982 1887 984 1895 '

204 1983 321 2048 Vidisti
337 1985 489 2062 angelicis
504 1977 686 2050 comiteturo
703 1987 844 2048 coetibus
860 1987 924 2048 alte

203 2081 252 2142 ire
267 2096 381 2158 meurn,
399 2084 489 2144 ouius
505 2096 616 2144 servor
632 2084 813 2160 munimine,
831 2085 992 2159 tenplum.

203 2175 294 2240 Illius
309 2183 456 2242 aeternae
470 2182 667 2257 suspendunt
681 2181 816 2242 eulmina
832 2167 966 2256 portae,¹
999 2215 1002 2226 ·
1088 2239 1089 2242 ,

204 2289 241 2334 ao
257 2289 313 2350 per
326 2276 505 2338 inaccessos
521 2271 678 2342 scalarum
693 2275 795 2351 gloria
809 2280 914 2338 turres
995 2283 998 2288 '
1196 2285 1246 2336 535

203 2369 327 2430 tollitur
341 2374 373 2430 et
387 2371 539 2450 gradibus
556 2370 639 2432 luo'et
654 2365 705 2430 via
721 2370 849 2430 eandida
866 2371 1018 2440 summis=
1135 2445 1137 2452 Ι

204 2467 237 2522 et
252 2467 306 2524 tua
323 2467 493 2539 congestae
506 2463 663 2526 tumulant
677 2464 861 2525 holocausta
874 2464 997 2526 ruinae.
1065 2483 1067 2488 ·
1135 2505 1138 2524 .

206 2552 288 2636 Quid
304 2572 454 2634 mereare,
471 2555 564 2620 Titus
581 2558 697 2634 doouit,
716 2559 848 2618 docuere
863 2556 983 2644 replnls
1021 2626 1023 2630 ,

188 2745 402 2810 tripertiti.
448 2779 451 2788 .
514 2747 761 2800 520.dolutuirn.
877 2745 1247 2810 523.aree·eabmqtid.

118 2815 202 2877 Lngd.
223 2814 357 2864 stannes
379 2807 462 2866 Cbor.v
476 2813 561 2866 Poett.
578 2815 678 2868 ,Anistr
702 2817 773 2866 'leot
794 2818 870 2866 brev.
889 2816 956 2866 titt.
966 2854 983 2880 ,‚
995 2822 1055 2866 erte
1067 2816 1086 2865 B
1100 2816 1199 2880 (supra)
1214 2815 1247 2868 W
1325 2818 1329 2828 '

118 2884 214 2948 (inire)
233 2876 435 2948 praestantiores
448 2884 555 2934 iieinss
575 2885 653 2938 Lour.
675 2885 770 2935 Weiss.
793 2903 810 2933 α
829 2894 844 2934 e
865 2901 953 2949 mergo
978 2885 1054 2936 trium
1075 2884 1145 2935 Sieb.
1167 2883 1246 2935 bobr.

117 2952 174 3004 Gis.
190 2952 287 3004 weliz.
304 2954 389 3004 Heius.
406 2954 493 3004 Cinam.
508 2950 579 3005 Celt'
595 2954 662 3022 [cir.
677 2953 736 3004 isit.
753 2953 910 3018 unexit,
925 2953 963 3020 2].
1049 2955 1248 3004 'miserens
1352 2983 1356 2991 ·

120 3025 165 3088 lq.
286 3023 344 3072 527.
364 3014 578 3089 Exporgorem.
667 3065 669 3072 .
697 3024 1013 3075 528.Drstroerem1a.
1059 3085 1063 3092 ,
1087 3014 1092 3023 ’
1120 3024 1247 3092 529.qpro

118 3091 158 3153 T,
179 3092 366 3142 da'rtruerelur
379 3095 398 3140 Α
413 3092 469 3142 Put.
487 3095 495 3142 i
509 3110 541 3155 α,
563 3094 715 3143 distruatur
728 3095 740 3162 t
753 3093 778 3144 b.
919 3094 979 3146 531.
1001 3093 1090 3151 divom
1103 3091 1161 3143 Pnt.

152 3161 215 3212 533.
227 3162 328 3226 serdot·
343 3160 450 3211 ibdtd.
466 3161 548 3227 Lugd.
623 3160 639 3170 ”
669 3165 728 3213 537.
745 3167 962 3233 constructore,
982 3164 1152 3248 cumulante
1166 3162 1211 3212 ib.

168 3344 231 3394 518.
253 3333 384 3394 Nostram
405 3346 534 3410 temptum
552 3337 663 3396 es'toor·
707 3334 968 3411 lertiosoriptiooem:
983 3341 1249 3394 subortis-Poro-

114 3429 167 3480 μω
181 3414 304 3477 Christi,
316 3411 463 3477 'sicutipse
475 3418 504 3464 in
516 3415 662 3479 Evangelio
705 3413 847 3478 tustpbti.
867 3410 1136 3472 nonnulis-,bido
1156 3409 1245 3462 ribo.

116 3481 614 3546 dicit:Solottetemplumtroegio.
706 3481 786 3544 blvt.
833 3479 1039 3532 vitsrtstldl.
1083 3478 1249 3532 F-Vdsrn-

168 3551 231 3602 538.
263 3550 349 3616 Titus]
371 3550 459 3601 Cladis
476 3551 663 3619 Hierosolymi-
700 3549 814 3609 ‚suedo
850 3549 1017 3622 nuddsro.
1066 3549 1121 3600 Cir.
1153 3549 1248 3600 Boron.

116 3627 193 3670 unae
215 3619 315 3686 insigne
336 3621 401 3669 ortis
414 3629 600 3674 monumentum
614 3621 676 3672 llo-‹
705 3618 866 3671 duellem.
882 3619 901 3683 i,
918 3637 942 3686 p.
958 3621 1006 3670 657
1016 3658 1023 3679 ,
1034 3619 1123 3680 puoto.
1139 3619 1258 3670 Relend.'

115 3703 172 3740 mne
193 3689 279 3739 adhue
298 3697 398 3755 perstet
411 3689 463 3740 Titi
483 3705 559 3741 eroes
573 3692 662 3740 trium·
706 3689 735 3739 de
749 3689 838 3755 spoliis
851 3689 938 3756 templi
960 3689 1059 3742 Hieros.
1082 3690 1108 3739 in
1121 3704 1183 3740 areu
1197 3689 1250 3740 Titi

115 3758 213 3824 phalis.
234 3756 298 3808 Viae
318 3773 408 3808 seoree
426 3767 521 3824 partera
543 3766 661 3826 ooonpot,
705 3756 799 3808 Romae
818 3759 969 3824 perspicuis.
991 3758 1043 3812 Ed.
1057 3758 1085 3810 tl.
1101 3775 1156 3810 eur.
1171 3759 1202 3808 td.
1217 3761 1249 3808 Α.

116 3843 181 3893 queo
201 3827 227 3877 in
246 3825 401 3894 Capitolium
419 3827 548 3894 perducit.
568 3829 661 3879 Areum
705 3827 823 3878 Sobulze.
845 3826 917 3878 Trai.
941 3830 971 3878 ad
990 3827 1076 3882 flben:
1100 3830 1176 3892 1775,
1202 3829 1251 3878 lle-

116 3905 201 3947 aoieun
217 3897 362 3947 transeunti
380 3898 412 3954 ed
425 3897 555 3948 sinistrum
570 3898 663 3948 visitur
706 3896 860 3960 sobreibong
883 3898 930 3947 der
957 3898 1032 3958 Stedt
1056 3890 1118 3948 llom
1142 3895 1249 3948 rond.

36 4007 45 4020 .
116 3961 663 4032 imago'nrermoree.qnaeoeptosligetos-
706 3965 825 4029 Pletner,
847 3966 1056 4018 C.Bunseneto.
1077 3967 1200 4029 lll.ltd.,
1229 3965 1279 4014 l..

116 4050 164 4100 que
191 4035 302 4086 ludaeos
323 4043 502 4102 repraesentet
523 4036 591 4086 iutro
611 4035 663 4102 ioe-
706 4035 793 4085 nbrtl.
819 4051 844 4101 p.
865 4037 925 4086 309.
963 4037 1001 4087 llx
1028 4035 1131 4086 ludaeis
1155 4035 1250 4085 Rornae

117 4105 187 4154 deris
211 4119 314 4168 ereero,
339 4105 521 4156 eandelabrum
532 4144 540 4169 ,
560 4105 664 4156 tabulas
706 4103 858 4168 degentibus
870 4106 943 4156 multi
963 4108 994 4157 ad
1012 4105 1170 4170 iuncusque
1184 4104 1249 4152 dienr

117 4172 192 4238 legis,
207 4189 321 4226 mensem
332 4189 389 4226 oum
402 4175 521 4241 panibus,-
535 4176 663 4240 eliamque
706 4173 879 4225 transii-elidi
892 4189 978 4226 eroum
990 4173 1168 4239 triunpbolem
1182 4171 1251 4242 nullo

117 4243 206 4309 templi
236 4243 439 4309 suppellectilem
471 4245 664 4312 progredientes
706 4244 780 4294 modo
802 4244 1029 4310 intuei.possnnr;
1056 4259 1112 4292 eum
1132 4241 1249 4292 nimirum

116 4311 187 4363 lueto
200 4311 325 4364 aflictos.
344 4313 426 4366 Meris
441 4321 525 4365 autem
541 4315 567 4364 in
579 4313 663 4369 trente
707 4314 864 4364 oiroumeunt
877 4329 891 4364 e
904 4320 975 4364 reeta
989 4311 1214 4372 riedeoiineutos.
