3046 4830
633 282 709 334 AUR.
725 281 878 336 rnuoddu
891 283 994 337 cndu.

562 471 612 531 vei
628 485 700 533 aera
716 471 766 533 vel
782 486 860 533 saxa
876 471 992 548 algida,

565 565 615 627 vel
632 565 715 642 tigna
732 568 878 628 credebat
895 563 1005 628 Deum.
1034 621 1036 626 ,

611 657 696 722 Haeo
711 662 784 724 dum
800 665 987 740 sequnntur,
1005 663 1112 740 periidi

565 755 731 831 praedonis
747 757 778 818 in
794 757 844 818 ius
860 762 1023 835 venerant,

566 851 598 908 et
613 850 819 926 mancipatam
835 849 953 912 mmido

566 943 664 1006 vitam
680 945 826 1007 barathro
841 946 1064 1009 inmerserant:

610 1036 756 1120 Stragpm
772 1044 826 1104 sed
843 1044 937 1106 istam
953 1060 1015 1106 non
1032 1045 1105 1107 tulit

566 1130 712 1198 Christus
728 1137 893 1200 cadentum
911 1140 1066 1214 gentium,

567 1229 684 1304 inpune
699 1245 738 1292 ne
754 1232 861 1293 iorsan
878 1233 928 1293 sui

497 1385 502 1394 ,
565 1327 664 1400 patris
679 1328 795 1404 periret
809 1329 940 1392 iatrioa.

605 1419 742 1484 Mortale
756 1439 870 1500 corpus
884 1425 997 1500 induit,

566 1520 602 1577 ui
617 1517 754 1578 excitato
774 1532 904 1594 corpore

568 1613 677 1673 mortis
693 1616 835 1674 catenam
853 1614 1013 1690 irangeret

567 1705 782 1780 hominemque
797 1709 936 1782 portaret
951 1703 1048 1768 Patri.

613 1798 673 1861 Hic
688 1799 741 1860 ilie
756 1802 871 1863 natalis
889 1803 966 1879 dies,

565 1910 625 1973 quo
641 1899 672 1956 te
687 1900 811 1957 creator
825 1899 942 1959 arduus

568 1989 963 2067 mfflmmmfflt

568 2099 711 2147 sermone
727 2099 855 2146 earnem
869 2087 1040 2162 glutinans.

612 2178 771 2259 Sentisne,
788 2183 880 2260 virgo
897 2185 1020 2260 nobilis,

568 2280 690 2339 matura
706 2290 763 2351 per
779 2277 904 2341 fastidia

566 2372 693 2452 pudoris
708 2374 860 2436 intactum
876 2375 970 2436 decus

566 2469 683 2530 honore
699 2473 807 2544 partus
823 2470 983 2531 creseere?

614 2557 641 2624 0
657 2565 773 2636 quanta
788 2577 893 2625 rerum
911 2562 1027 2640 gandia

547 2681 548 2686 ¹
568 2659 658 2721 aivus
673 2659 784 2735 pudiea
800 2660 951 2735 eontinet,

568 2771 607 2817 ex
624 2771 684 2832 qua
701 2757 857 2818 novellum
873 2757 1012 2820 seculum

566 2850 707 2926 procedit
721 2856 753 2912 et
767 2852 824 2913 iux
840 2851 951 2914 aurea!

612 2943 749 3024 Vagitus
764 2947 817 3008 iile
833 2950 996 3010 exordium

567 3045 729 3104 vernantis
745 3045 829 3104 ortis
844 3043 988 3120 prodidit,

569 3151 639 3198 nam
655 3141 730 3198 tnnc
745 3141 874 3200 renatus
890 3136 1047 3199 sordidum

345 3290 387 3342 35.
407 3289 458 3341 Vel
469 3307 532 3342 aare
545 3293 655 3357 oolfioea
669 3294 688 3342 Α
703 3293 723 3344 11
737 3291 762 3343 Ρ.
883 3293 925 3343 36.
945 3292 1089 3343 eredebant
1102 3307 1127 3340 ιι.
1249 3291 1292 3341 ai.
1310 3307 1405 3358 perso·

276 3365 397 3427 quantur
411 3363 465 3413 lm.
594 3362 636 3413 42.
656 3360 717 3413 Post
726 3365 847 3427 gentium
863 3361 1022 3427 distinguunt
1035 3360 1049 3411 b
1063 3361 1071 3411 i
1083 3375 1107 3410 m
1124 3360 1328 3425 interpunctione
1341 3363 1402 3413 odd.

168 3439 170 3444 '
276 3437 331 3494 post
345 3431 443 3498 Inpone
456 3445 586 3498 oppressa.
606 3430 690 3482 Etiam
703 3432 782 3481 Arar.
793 3467 799 3481 .
809 3467 815 3481 .
827 3469 832 3481 .
843 3434 988 3495 gentiomp
1006 3430 1117 3495 Impone
1128 3431 1279 3495 nasos-son.

310 3499 352 3550 48.
372 3505 530 3566 reportaret
542 3500 618 3565 Prog.
633 3516 659 3550 ιι.
827 3500 868 3550 51.
889 3500 1031 3550 Animooa‘t
1042 3504 1071 3548 et
1083 3498 1147 3548 dimo
1160 3499 1254 3549 induit
1263 3497 1367 3552 nansia,

344 3569 386 3618 54.
397 3570 519 3634 fastigio
535 3569 608 3631 Prag.
623 3586 648 3618 u.
666 3568 715 3619 loo.
731 3565 797 3636 [cta.
813 3569 843 3618 A.
858 3566 931 3635 897}
1079 3569 1121 3618 56.
1143 3573 1276 3617 mercaret
1288 3566 1318 3620 ii.

276 3635 320 3684 59.
340 3651 388 3701 qno
401 3638 432 3686 A.
571 3639 615 3688 63.
635 3642 776 3688 venationi.

330 3755 373 3805 51.
391 3753 520 3823 spiravit]
541 3764 614 3816 aunt,
636 3758 679 3822 qui
693 3759 724 3808 do
740 3757 818 3808 emis·
860 3756 944 3807 ctione
956 3752 1086 3818 oimvirg.
1096 3757 1158 3806 Aen.
1169 3753 1189 3819 i,
1201 3756 1260 3806 4118.
1276 3783 1310 3791 -
1323 3756 1403 3825 limo]

215 3851 217 3856 ·
279 3825 349 3874 sione
363 3824 470 3890 spiritns
483 3825 567 3875 saneti
587 3826 611 3875 id
625 3827 731 3877 verbnm
750 3827 819 3876 oeci·
859 3825 911 3876 vid.
926 3821 973 3889 Ep.
989 3823 1019 3874 ad
1035 3822 1144 3890 Philipp.
1165 3824 1191 3888 2,
1206 3827 1237 3884 ’1,
1262 3825 1351 3876 Sedui.
1370 3825 1401 3890 ΙΙ,

279 3893 357 3960 piant.
378 3891 461 3944 Senon
474 3893 591 3960 ampliori
603 3895 633 3945 da
646 3899 737 3962 quovis
750 3910 818 3946 ama·
860 3894 876 3944 6
893 3895 996 3945 Bootae
1015 3899 1114 3944 auotor
1130 3894 1219 3944 aneoli
1229 3894 1329 3944 Sarodlo
1342 3911 1404 3946 eost

280 3963 383 4013 natione
408 3979 438 4012 eo
468 3969 570 4014 veteres
593 3964 734 4031 aoriptores
759 3979 818 4014 usos
857 3961 1025 4032 puoindait.

279 4039 365 4083 notum
384 4038 432 4082 ost.
460 4031 592 4096 Significat
611 4034 731 4100 spirando
744 4033 819 4083 emit·
912 4034 953 4082 54.
976 4046 1027 4095 por
1037 4028 1173 4098 fastidia]
1194 4029 1265 4096 Virg.
1286 4031 1403 4096 eoi.1V‚

278 4109 350 4160 tare.
386 4101 523 4165 exhalare,
559 4101 693 4169 exspirare
726 4101 816 4154 Claud.
861 4100 890 4152 61
913 4100 1001 4152 Matri
1018 4099 1199 4166 longadooom
1215 4102 1405 4168 todmotso-

279 4169 353 4236 Rapt.
369 4168 439 4224 Prot.
455 4170 474 4235 i,
491 4171 548 4229 154,
570 4171 685 4222 duvenal.
700 4169 754 4234 vii,
771 4171 815 4220 111
859 4169 945 4222 otidia
957 4183 1068 4218 manaae.

210 4289 212 4296 ,
279 4239 408 4290 Immem
421 4244 482 4292 oaoa’
491 4257 504 4289 ι
524 4243 600 4290 irunt
612 4239 819 4303 mondooiasod-
913 4237 957 4288 59.
976 4237 1106 4290 novellum
1120 4236 1253 4306 secutum]
1276 4237 1310 4290 is.
1332 4237 1359 4303 9,
1374 4240 1401 4290 11.

279 4257 615 4372 ἱιι,1ἰ1.111ιιο.ὕ1,155.
645 4307 682 4358 De
701 4314 817 4360 eonstru·
861 4307 909 4358 Est
921 4307 979 4358 novi
993 4305 1104 4358 foederis
1119 4315 1226 4373 tompus.
