3054 4820
322 1161 515 1254 sunnin
545 1165 802 1259 nnunnnrn
831 1166 1091 1260 nunninus
1154 1101 1157 1108 Δ

527 1359 879 1434 PRAEFATIO.

600 1565 807 1574 —...-—...—-—

269 1694 331 1760 Per
346 1697 556 1774 quinquennia
570 1699 633 1760 iarn
648 1699 765 1776 decern,

226 1791 258 1852 ni
275 1791 376 1868 iallor,
395 1793 531 1854 fuimus:
549 1793 699 1868 septimus
715 1793 845 1869 insuper

225 1901 341 1949 ennurn
356 1887 449 1948 cardo
463 1891 563 1965 rotat,
582 1889 655 1951 dum
671 1889 806 1952 iruimur
821 1887 887 1951 sole
902 1887 1042 1951 volubili.

266 1979 368 2046 Instat
381 1984 536 2045 terminus
551 1987 583 2044 et
598 1984 678 2046 diem

207 2145 248 2196 Ex
260 2153 352 2196 natura
364 2146 439 2204 huius
452 2147 573 2196 carminis
587 2153 663 2213 atque
676 2145 762 2198 indole
776 2146 852 2196 ieeile
864 2147 1044 2210 cognoscitur,
1059 2145 1126 2198 baud
1147 2146 1266 2197 inmerito

134 2215 287 2282 postliminii
307 2215 363 2266 iure
382 2216 408 2265 id
425 2217 474 2266 huc
493 2215 608 2279 redisse,
627 2221 714 2282 utpote
733 2217 799 2281 quod
819 2215 844 2264 in
857 2217 949 2275 codd,
970 2223 1093 2284 quotquot
1112 2215 1157 2265 eiii
1171 2231 1267 2282 nosque

134 2285 248 2334 vidimus
260 2290 381 2350 quattuor
398 2285 527 2352 exeeptis,
547 2299 626 2350 aeque
640 2299 670 2334 ae
689 2284 714 2334 in
728 2283 882 2335 editionibus
902 2291 961 2336 ente
980 2285 1110 2336 Heinsium
1122 2284 1265 2350 impressis,

134 2354 291 2404 adversante
309 2368 352 2403 vv.
366 2353 467 2410 36...42
486 2369 564 2404 sensu
583 2353 615 2404 ad
635 2353 728 2404 librum
749 2351 945 2404 Cathemerinon
959 2353 1118 2417 referretur,
1139 2353 1267 2419 nequead

135 2423 264 2486 integrum
284 2421 439 2488 septemplex
457 2421 591 2473 Prudentii
611 2437 688 2489 opus.¹
702 2423 750 2474 Ast
761 2423 844 2487 incip.
858 2423 999 2488 praefatio
1011 2423 1046 2473 Α.
1060 2421 1108 2473 Pr.
1126 2422 1167 2472 Ol.
1189 2429 1228 2474 est
1240 2423 1267 2472 in

134 2492 167 2554 Α,
181 2492 283 2558 Incipit
293 2491 463 2542 Proheminrn
472 2491 568 2542 Aureli
577 2491 712 2542 Prudenti
722 2489 754 2555 u,
768 2493 911 2558 Praefatio
925 2491 1067 2558 simplicius
1080 2498 1156 2556 atque
1170 2490 1267 2541 elarius

135 2577 171 2623 a,
192 2559 237 2609 nhi
256 2567 339 2610 tannen
359 2560 455 2610 sciolus
473 2575 545 2610 men,
562 2576 615 2611 ree.
640 2560 802 2626 supraposuit
825 2561 938 2616 Aurelia·
958 2561 1103 2614 Prudentia·
1124 2559 1267 2610 clementie

134 2631 192 2679 oiri
203 2629 355 2680 consuleris
374 2633 402 2679 in
422 2627 468 2679 tib.
482 2629 698 2680 Cathemerinon.
729 2628 834 2680 Maneat
852 2636 938 2680 tamen
951 2629 1014 2679 illud
1027 2644 1116 2680 uranus
1129 2629 1265 2695 antiquae3
1311 2633 1324 2682 ἶ

134 2698 202 2762 quod
214 2711 247 2748 ee
259 2698 282 2748 si
295 2713 343 2747 non
356 2698 466 2748 omniurn
480 2698 560 2748 nostri
572 2706 731 2765 poematum,
746 2699 791 2749 sed
804 2698 1001 2750 Cathemerinon
1014 2705 1111 2750 tantum
1124 2697 1267 2764 praefatio·

134 2781 192 2816 nem
212 2781 271 2818 esse
283 2767 426 2830 voluisset,
452 2767 499 2816 boc
518 2767 574 2818 loeo
592 2775 662 2818 certe
675 2768 820 2833 posuisset,
846 2783 920 2834 quarn
933 2775 1022 2818 exacto
1036 2767 1142 2818 carmini
1155 2767 1267 2818 subiecit

133 2836 289 2901 epigraphen
303 2835 380 2904 Liber
393 2835 590 2891 Cathemerinon
607 2837 687 2903 incipi.
702 2837 964 2903 Incipitpruernium
979 2838 1079 2888 aurelii
1089 2835 1200 2902 (euritii
1211 2852 1265 2887 see.

133 2904 215 2968 euris)
225 2904 368 2970 prudentii
379 2919 410 2968 a,
433 2919 506 2970 quem
527 2905 628 2956 titutum
647 2905 730 2972 spatio
748 2907 886 2958 interiecto
903 2906 958 2956 iere
976 2907 1045 2956 nullo
1065 2905 1118 2956 bini
1137 2905 1267 2970 excipiunt

133 2973 219 3024 Liber
232 2977 417 3024 autumer-inco
431 2977 546 3040 incipit,
565 2973 647 3024 Liber
665 2979 850 3026 curmerinon
870 2979 977 3040 incipit.
1005 2975 1174 3026 hmnnueusis
1187 2975 1266 3038 igitur

133 3042 192 3094 eod.
207 3041 300 3094 emole
313 3043 426 3094 incubent
437 3043 593 3107 lectoribus,
608 3058 665 3094 esse
684 3043 731 3094 hos
743 3060 834 3094 versus
853 3043 1050 3096 Cathemerinon
1069 3045 1266 3111 praefationem.

132 3109 214 3162 Recte
226 3112 470 3178 Incipitprologue
484 3112 624 3179 proaenep
637 3117 674 3170 θ,
688 3113 798 3164 Aurelii
811 3113 959 3164 Prudentie'
973 3119 999 3164 in
1012 3115 1143 3178 opuscula
1155 3130 1266 3180 repnen-

133 3184 175 3230 tie
187 3181 326 3246 propterte
344 3197 376 3244 u,
396 3181 481 3246 inepte
498 3177 608 3232 Aurelii
618 3182 703 3232 Pru‘d.
718 3183 864 3249 Praefatio
875 3183 915 3234 nn
928 3186 957 3234 in
973 3183 1183 3234 Cathemerinon
1195 3197 1263 3232 men.

132 3247 721 3318 rechap.0m.prneiatienemPut.ciop.
803 3297 805 3300 .
1247 3258 1256 3274 ⁸

204 3317 227 3366 1.
246 3318 299 3368 Per
311 3333 362 3368 orn.
375 3319 441 3382 Aug.
456 3319 564 3386 Saepius
582 3321 607 3371 in
626 3334 687 3370 mss.
701 3319 783 3386 prima
795 3334 847 3368 vox
865 3328 911 3370 eut
928 3321 1025 3386 primus
1038 3335 1128 3370 versus
1141 3320 1166 3369 in
1180 3319 1265 3385 capite

131 3385 194 3436 libri
207 3387 377 3438 desideretur.
398 3387 461 3438 Cum
470 3403 525 3438 mos
538 3395 608 3440 esset
616 3389 744 3440 hominum
757 3388 858 3438 codices
868 3388 1068 3439 describentium
1080 3388 1163 3438 literis
1176 3387 1266 3438 nitidis

130 3455 321 3521 maioribusque
340 3456 464 3508 iibrorum
482 3457 588 3508 exordia
607 3458 763 3521 adornandi,
787 3464 886 3524 ternpus
903 3473 933 3514 ac
946 3472 1048 3523 operam
1061 3457 1167 3520 exigens
1180 3455 1264 3520 lehor,

130 3525 221 3576 codice
234 3525 360 3591 descripto
377 3525 480 3591 pristini
494 3526 597 3578 consilii
611 3527 739 3578 interdum
755 3526 831 3576 obliti
843 3534 913 3577 suut,
930 3525 997 3592 [Cir.
1008 3523 1124 3575 Niebuhr
1134 3525 1188 3576 Cic.
1198 3531 1264 3576 oret.

130 3593 223 3659 fragm.
245 3610 270 3660 p.
285 3594 327 3646 82.
348 3594 388 3646 ed.
403 3593 488 3661 non]
620 3597 646 3646 2.
665 3595 708 3646 nil
726 3595 876 3652 coniectura
894 3595 920 3644 in
934 3594 1083 3661 quibusdam
1105 3594 1207 3646 schedis
1221 3610 1262 3660 ap.

129 3664 209 3714 Aren.
225 3663 257 3714 ob
269 3679 295 3714 v.
306 3663 349 3728 24,
363 3667 394 3714 ni
405 3671 446 3716 est
458 3671 534 3716 eante
546 3664 622 3716 simul
635 3679 665 3716 ac
677 3665 751 3732 plene
765 3661 934 3726 affirmantis,
952 3669 1054 3730 septem
1067 3679 1091 3712 o.

183 3817 208 3866 1.
228 3816 282 3867 Per
295 3820 481 3884 quinquennio
499 3817 567 3884 sqq.]
592 3817 677 3869 Vitem
773 3820 798 3870 3.
823 3817 912 3885 rotet]
933 3817 989 3870 cn.
1009 3818 1038 3869 P.
1058 3817 1106 3880 XI,
1125 3819 1169 3883 29,
1190 3818 1263 3870 Hom.

129 3901 224 3950 resque
243 3893 330 3950 gestes
352 3887 406 3952 ipse
425 3886 578 3938 Prudentius
599 3888 676 3938 hocce
721 3888 770 3939 od.
793 3887 813 3952 1,
837 3888 868 3939 16
893 3888 1108 3958 περιπλομένων
1130 3886 1265 3940 trenorcio

129 3953 560 4020 prooemioadurnbret,ondoiam
576 3955 677 4006 Genna·
719 3957 900 4019 (eoleentihne
926 3962 1036 4022 onnia),
1066 3957 1161 4008 Aneer.
1182 3955 1263 4020 iv,r

129 4024 171 4074 dio
184 4024 286 4088 (Cetei.
294 4025 343 4074 vir.
354 4025 448 4074 illustr.
460 4023 546 4093 xiii.)
558 4026 676 4075 innotne-
722 4019 829 4096 Τρόχος
850 4028 894 4091 (an
915 4021 1042 4096 rpophct)
1066 4019 1192 4096 ἅρματος
1208 4020 1262 4093 γὰρ

128 4094 365 4212 uiridi
378 4095 676 4227 tributii-iiii
719 4089 1263 4222 iiiiiiziiiiii:“iiiiii
1314 4166 1318 4174 x

129 4229 209 4281 Clam.
229 4199 417 4296 lieierges‘tnpe
436 4248 461 4298 p.
479 4231 517 4294 3.)
537 4201 586 4282 nori
607 4199 676 4283 enei:
717 4234 827 4285 θέντων
839 4182 952 4298 (iiarles
963 4234 1042 4286 bnth.
1056 4202 1094 4297 ἓν.
1105 4240 1174 4298 poet.
1188 4233 1261 4298 μθ),

128 4299 213 4365 disse,
233 4307 336 4370 poetam
349 4301 413 4351 haee
425 4301 579 4352 scribentem
594 4300 675 4353 iuirse
719 4302 767 4355 sit.
782 4303 814 4354 it.
829 4302 873 4368 Vr,
890 4304 948 4354 121.

128 4367 512 4452 rooommprmprnralquinquo
523 4385 655 4422 annorum,

168 4453 489 4548 -Ppuderrties'ediffiresseh
1034 4457 1050 4520 1
1096 4505 1104 4515 „

159 4551 168 4588 .”
235 4545 295 4597 ,jin
344 4547 379 4596 ‘xp'
