3054 4820
246 300 284 341 ntt
648 359 652 368 Ι
669 289 932 343 auotucottuun.

246 465 429 549 alloquitur.
471 462 579 545 l’raqs.
615 463 714 526 Libri.
750 461 795 524 ll.
828 461 977 524 aduersus
1006 459 1118 523 eundi.
1164 457 1378 522 AVlflt'Lll.

246 557 341 622 PllV
338 558 439 622 DEN
441 557 519 620 Til.
547 553 825 622 CLEMENTIS.
859 555 1075 643 Symmachus.
1106 555 1310 618 Prudentius.
1335 593 1380 604 ·-

245 649 484 733 orthographiae
499 649 576 712 ratio
593 669 609 712 a
627 651 692 712 cod.
711 649 801 712 Alex.
822 655 880 712 321
897 647 1005 712 leviter
1020 646 1181 737 discrepat.
1197 650 1242 714 Ac
1258 652 1381 735 glossae

245 746 387 828 quaedam
411 745 522 807 latinae
546 746 609 809 fere
630 746 750 808 eaedem
773 755 843 807 sunt
858 764 893 806 ac
915 744 1023 808 lsonis.
1056 746 1254 832 interpretum
1271 767 1380 810 manus

245 852 360 905 textum
386 842 433 903 hic
455 852 693 918 commutarunt,
718 842 780 904 illie
803 841 1010 904 emendarunt.
1037 842 1170 929 Scriptus
1192 844 1286 907 estin
1302 846 1379 908 Ger-

245 938 343 1001 mania
368 937 536 1021 superiori3
563 957 619 1021 qno
636 936 731 1000 tendit
753 936 810 998 litt.
830 935 1058 1000 consonantium
1074 939 1092 1000 i
1109 948 1139 1002 et
1155 959 1172 999 a
1191 939 1381 1020 aliarumque

244 1035 386 1115 frequens
411 1033 589 1116 permutatio
616 1031 696 1094 illius
724 1030 858 1116 regionis
884 1031 1052 1096 bominibus
1075 1032 1306 1117 perfamiliaris,
1340 1053 1381 1094 ne

245 1127 341 1190 dicam
357 1127 470 1190 innata.
498 1125 708 1189 'inanissimae
725 1124 913 1188 membranae
929 1127 1052 1190 eandem
1068 1129 1214 1211 originem
1230 1127 1377 1191 indicant.

331 1254 405 1317 Cod.
425 1253 526 1318 Alam.
544 1258 617 1315 348.
642 1251 766 1316 membr.
789 1262 933 1317 exaratus
955 1273 1026 1318 esse
1047 1254 1169 1319 videtur
1188 1275 1251 1317 sec.
1267 1255 1300 1316 X
1323 1274 1381 1316 ex-

245 1358 347 1424 eunte,
366 1345 434 1428 qnia
450 1345 509 1408 ista
525 1345 691 1408 litterarum
708 1345 879 1428 magnitudo
895 1345 1070 1410 inusitatior
1080 1368 1155 1430 qnae
1165 1347 1213 1412 hic
1229 1350 1379 1425 cernitur,

200 1487 203 1492 -
245 1462 305 1503 non
329 1449 376 1504 est
398 1449 511 1502 certum
533 1437 717 1520 antiquitatis
740 1447 798 1500 tam
821 1448 957 1500 remotae
975 1439 1188 1504 testimonium.
1220 1439 1381 1504 Probabile

244 1537 294 1615 fit,
328 1535 458 1598 codicem
483 1556 536 1618 pro
559 1534 677 1596 homine
699 1524 827 1616 quodam
852 1532 983 1618 eleganti
1005 1545 1036 1596 et
1059 1535 1199 1618 opulento
1216 1534 1310 1597 fnisse
1327 1534 1380 1597 de·

245 1632 408 1716 scriptum,
441 1630 541 1714 quiid
566 1629 733 1692 litterarum
756 1648 851 1712 genus
876 1628 1103 1692 ntainscnlauum
1128 1627 1295 1692 adamabat.
1314 1629 1381 1690 ,ln-

245 1726 453 1812 tcmpestivius
478 1737 577 1789 autem
601 1725 725 1802 accidit,
748 1736 781 1788 ut
796 1724 887 1786 fuerit
901 1723 1074 1804 mutilatus,
1105 1743 1172 1788 nam
1188 1725 1383 1788 correctissi-

245 1842 310 1884 mns
328 1830 385 1884 est.
412 1820 552 1882 Continet
567 1820 731 1903 praemissa
747 1818 878 1881 omnium
897 1829 1001 1901 poetae
1017 1841 1085 1902 opp.
1104 1819 1290 1903 praefatione
1305 1819 1378 1881 libr.

245 1916 355 1992 Ceth,
390 1917 587 1998 fragmentum
609 1915 758 1999 passionis
780 1915 924 1992 Romani,
956 1914 1132 1998 Epilognm‚
1166 1914 1378 1992 Dittechaeon,

245 2010 443 2092 fragmentum
460 2008 666 2092 Apotheoseos
682 2009 713 2071 in
729 2009 791 2072 foll.
812 2015 850 2071 38
868 2008 1031 2071 octonariis
1055 2030 1091 2072 ac
1105 2009 1199 2072 minio
1215 2007 1380 2071 rubricatis

245 2101 452 2189 expressam).
484 2104 587 2169 Cuivis
604 2104 730 2168 carmini
746 2104 833 2167 metri
858 2104 1020 2188 explicatio
1034 2105 1218 2188 praeligitur.
1257 2102 1379 2168 Scholia

245 2197 369 2263 vocibus
399 2200 525 2281 sparsim
554 2200 754 2283 suprascripta
775 2197 859 2260 flocci
888 2197 993 2260 babeo.
1040 2197 1147 2262 Manus
1170 2198 1265 2260 altera
1287 2207 1381 2279 atque

245 2291 401 2377 scriptoris
425 2292 476 2354 sed
500 2293 621 2375 antiqua
638 2292 685 2358 hic
708 2293 850 2368 mutavit,
876 2293 1045 2356 emendavit
1060 2293 1132 2356 illic.
1158 2291 1381 2376 Orthograpbia

245 2399 292 2452 est
307 2384 418 2449 codicis
433 2385 525 2450 Alex.
545 2394 596 2450 tt.

331 2529 404 2594 Cod.
422 2529 492 2594 Pal.
507 2537 567 2592 242
585 2531 713 2594 miscell.
731 2551 794 2593 sec.
806 2528 864 2592 Xll
880 2529 1012 2592 ineuntis
1028 2527 1151 2593 exhibet
1166 2540 1234 2614 post
1249 2530 1379 2593 aliorum

246 2626 385 2708 opuscula
409 2622 441 2685 in
466 2625 528 2686 foll.
547 2623 736 2687 dnodenariis
756 2629 921 2685 113...128
946 2622 1211 2708 Psyebomaebiam
1228 2621 1379 2702 mutilam,

245 2721 330 2783 cuius
350 2721 457 2803 quippe
480 2719 601 2782 ultimus
621 2717 661 2782 sit
684 2742 714 2782 v.
734 2725 792 2782 681
811 2720 926 2782 [ntulit
939 2718 998 2781 ltoc
1013 2719 1125 2781 utalaae
1140 2729 1198 2782 etc.
1238 2719 1287 2782 Ex
1303 2717 1381 2782 Ger-

245 2815 343 2878 mania
367 2814 476 2877 allatus
497 2813 619 2876 Romam
642 2823 705 2888 cst,
738 2833 795 2896 quo
818 2813 923 2876 notula
945 2814 1039 2897 primo
1061 2815 1134 2877 folio
1156 2835 1244 2877 maran
1268 2815 1381 2878 aetatis

245 2907 333 2990 paulo
348 2906 496 2989 sequioris
518 2909 653 2992 apposita
669 2915 800 2990 spectat:
828 2906 940 2970 Codex
955 2912 1014 2969 iste
1031 2912 1175 2991 pertinet
1187 2912 1380 2971 ratanastem’a

245 3001 333 3064 beate
348 2999 456 3064 Maria
473 2997 669 3086 Magdaleaa
684 2999 953 3084 insraacltantall
965 3003 1048 3063 iuter
1060 2999 1184 3085 Spiratu
1201 3013 1234 3066 et
1246 3023 1381 3066 warma-

247 3099 326 3160 ciam
340 3100 456 3159 situata
469 3101 687 3162 crtaaua'cartun
700 3100 910 3183 regularium.
925 3099 987 3164 Hic
1000 3099 1080 3161 liber
1091 3097 1136 3162 ad
1145 3101 1376 3166 maiusFraulr.

244 3190 371 3253 Praeter
387 3191 459 3253 duos
478 3193 579 3255 titulos
595 3201 662 3276 post
677 3215 708 3253 v.
719 3199 758 3254 20
772 3202 801 3253 et
816 3193 853 3253 39
872 3189 978 3255 obvios
994 3191 1103 3256 desunt
1118 3214 1239 3268 omnes;
1257 3197 1379 3278 glossae

245 3287 386 3368 antiquae
408 3285 439 3347 in
462 3288 564 3370 primis
587 3287 701 3350 dnobus
723 3287 819 3350 solum
843 3287 922 3350 foliis
945 3297 1121 3350 cernuntur.
1160 3288 1294 3371 Optimus
1310 3311 1378 3352 cnm

245 3381 346 3464 pravis
362 3381 486 3464 praebet
501 3385 584 3445 lectt.
601 3403 684 3446 varr.
703 3380 817 3444 Passim
833 3381 977 3444 ineundo
995 3382 1185 3464 radendoque
1201 3385 1379 3448 emendatus

247 3488 304 3540 est.
330 3477 550 3560 orthographia
566 3495 626 3540 non
642 3477 741 3540 ubivis
758 3474 874 3559 placet,
891 3476 1028 3558 quamvis
1043 3477 1218 3560 ceteroquin
1234 3488 1379 3544 constans

314 3710 358 3771 40)
378 3707 437 3758 Post
451 3707 524 3758 Cath.
541 3709 625 3775 hymn.
641 3705 680 3760 X:
704 3709 778 3760 Ftutt
792 3710 862 3762 liber
877 3713 984 3775 primam
997 3709 1029 3760 dc
1046 3713 1145 3777 ymnis.
1159 3711 1257 3776 Incipit
1272 3709 1382 3762 libcrll

245 3775 552 3830 ΡΕΒΙΟΤΕΦΑΝωΝ
569 3793 665 3844 ymnum
685 3784 712 3826 in
725 3781 825 3829 hutnore
842 3779 998 3844 Martyrum
1017 3779 1154 3830 Emeterii
1172 3784 1200 3830 et
1219 3777 1381 3831 cheledonii

247 3848 538 3912 Calagurritanorum.
563 3845 684 3910 Sequitur
705 3848 778 3898 metri
798 3848 937 3913 explicatio
950 3847 1075 3912 pagellam
1091 3848 1228 3898 secludens
1241 3847 1277 3897 nil
1290 3855 1377 3898 autem

245 3915 332 3984 hymni
347 3913 470 3978 promissi.
497 3913 568 3964 Folia
583 3914 662 3976 igitur
680 3915 738 3968 binc
751 3915 845 3965 avulsa
857 3923 917 3965 eunt
936 3932 1015 3980 usquc
1034 3916 1065 3965 ad
1079 3913 1172 3967 Perist.
1188 3915 1224 3980 X,
1242 3915 1316 3967 ttlu.
1349 3916 1378 3966 ld

245 3983 372 4050 passionis
394 3979 498 4032 Romani
518 3982 686 4044 fragmentum
706 3985 839 4050 excipiunt
858 3983 933 4034 Ceth.
953 3983 1008 4047 Xl,
1028 3983 1095 4048 xit,
1116 3986 1273 4051 posthunc:
1299 3985 1381 4036 Finit

245 4069 449 4118 cathemeriaaa
467 4068 613 4118 Prudentia·
630 4068 774 4118 Clementis
787 4049 897 4123 5757.
931 4070 1031 4136 Incipit
1050 4070 1083 4120 de
1102 4070 1240 4135 opusculis
1257 4073 1314 4120 suae
1326 4073 1379 4120 itu-

244 4137 330 4187 rnalat
342 4137 422 4186 Patri
433 4137 485 4188 lli.
501 4135 662 4202 (Epilogus),
685 4145 743 4201 post
755 4138 904 4204 Epilognma
925 4138 1000 4189 Finit
1011 4139 1218 4204 Pae-estuantem,
1238 4139 1378 4204 Incipiunt

245 4204 325 4256 tituli
336 4206 525 4268 historiarum,
539 4204 630 4270 quibus
644 4203 782 4256 absolutis:
797 4207 898 4272 Incipit
908 4203 1134 4260 Apoeeutctc
1146 4207 1177 4258 id
1184 4211 1226 4257 eet
1236 4205 1268 4257 de
1280 4207 1378 4257 diuini-

244 4277 316 4336 tate3
335 4274 379 4324 ead
393 4273 476 4339 praef.
490 4289 515 4324 v.
531 4273 563 4326 56
576 4274 622 4324 eod
647 4273 754 4324 ultimus
767 4283 818 4324 est.
