3020 4832
545 251 810 306 ututurtttuttm.

279 442 360 504 Deus
376 439 502 503 minoris
517 436 872 522 conprobavithostiams

279 534 385 597 reiecit
400 532 493 608 illam,
511 551 598 613 quam
615 525 730 616 paravit
745 531 899 612 grandior.

278 629 348 692 vox
364 649 432 692 ecce
449 647 564 691 summo
580 625 671 690 missa
688 619 835 711 persultat
850 627 975 690 throno:

185 716 190 726 ’
242 729 245 734 ’
279 725 354 788 Cain
370 726 502 808 quiesce,
521 744 647 806 namque
664 723 688 784 si
705 733 788 785 recte
804 721 926 799 offeras,

202 819 206 826 ’
279 821 376 886 oblata
392 840 447 883 neo
463 831 494 882 tn
510 819 576 902 lege
595 827 677 881 recte
687 817 821 896 dividas,

278 918 421 999 perversa
438 912 555 996 nigram
571 905 640 975 vota
651 907 770 994 'culpam
788 910 950 974 traxerint.

277 1007 381 1071 Armat
397 1007 502 1070 deinde
518 1004 708 1088 paricidahem
723 1019 844 1068 'manum

278 1105 372 1187 frater
387 1103 528 1186 prohatac
543 1099 713 1166 sanctitatis
728 1100 875 1177 aemulus

277 1209 417 1281 germana
434 1194 528 1262 curv'n
544 1195 620 1260 colla
637 1194 893 1278 frangit-sarculo,

278 1291 416 1354 mundum
433 1301 584 1368 recentem
602 1290 696 1352 caede
708 1287 817 1372 tinguit
831 1289 923 1372 inpia,

232 1421 235 1426 -
278 1405 347 1447 sero
363 1383 557 1467 expiandum,
574 1382 633 1447 iam
650 1393 857 1448 senescentem
873 1404 961 1446 sacro

279 1497 386 1539 cruore
404 1476 530 1556 Christi,
549 1498 607 1560 quc
623 1481 796 1561 peremptor
811 1477 953 1540 concidit.

278 1571 360 1634 Mors
376 1572 469 1655 prima
485 1573 583 1656 coepit
598 1571 770 1656 innocentis
785 1571 922 1647 vulnere,
965 1571 968 1578 ’
1029 1650 1033 1658 Ι

278 1665 372 1729 cessit
386 1667 493 1730 deinde
508 1669 666 1731 vulnerato
682 1666 826 1730 innoxio:
869 1713 872 1722 .

135 1759 138 1766 ⁴
207 1840 209 1848 y
278 1780 331 1840 per
345 1760 457 1823 crimen
474 1773 553 1838 orta,
571 1761 715 1824 dissoluta
733 1771 781 1824 est
796 1759 932 1836 crimine,

277 1851 354 1915 abet
372 1854 450 1935 quod
466 1867 536 1918 ante
551 1857 689 1938 perculit,
708 1855 858 1918 Christum
876 1853 1001 1920 dehincz

277 1949 360 2011 finita
377 1950 486 2032 etipsa
502 1962 550 2014 est
565 1952 632 2014 finis
648 1961 786 2026 exortem
802 1961 919 2035 petens.
960 1977 962 1980 ·
1026 1967 1028 1971 ’

260 2107 265 2115 ,
346 2041 442 2125 ¹Ergo
459 2063 498 2104 ex
515 2043 623 2107 futuris
640 2045 735 2126 prisca
752 2045 849 2126 coepit
865 2043 975 2122 fabula,

278 2134 412 2216 factoque
428 2135 589 2217 primores
606 2145 707 2198 notata
723 2144 770 2198 est
785 2135 900 2222 ultima,
918 2217 920 2222 ,

206 2259 208 2264 v
277 2237 310 2290 ut
323 2227 374 2290 ille
389 2229 494 2291 mortis
510 2229 667 2293 inchoator
682 2231 813 2294 rusticus

278 2320 507 2384 insuhsaterroe
524 2323 661 2386 deferens
680 2322 822 2397 libamina
973 2393 976 2397 ,

279 2414 421 2495 deumque
437 2433 537 2477 rernm
554 2426 737 2480 mortuarum
755 2417 898 2499 deputans
991 2493 994 2498 Ι

176 2531 180 2536 ·
275 2510 382 2572 rastris
397 2511 519 2573 redacta
534 2511 623 2596 digna
639 2511 734 2576 sacris
750 2513 899 2590 crederet,

277 2604 408 2668 viventis
425 2616 516 2668 atrox
531 2607 699 2671 aemulator
715 2606 841 2669 hostiae.

361 2702 500 2784 Agnosco
516 2723 633 2787 nempe,
652 2725 738 2786 quem
754 2703 849 2786 figura
866 2703 938 2767 haec
954 2705 1088 2782 denotet,

177 2877 204 2926 9.
223 2876 270 2926 itte
285 2891 310 2926 a.
452 2877 492 2926 tr.
509 2891 600 2942 namq.
621 2877 657 2938 t,
683 2891 745 2926 nam
764 2875 798 2927 W
812 2875 888 2942 Prag.
902 2875 998 2940 Weitz,
1014 2879 1075 2937 (non
1090 2877 1140 2941 ut,
1164 2883 1241 2928 reato

111 2943 190 2995 auat.
336 2943 375 2994 ta.
396 2950 468 2994 recte
481 2948 501 2994 Α
515 2944 536 2993 F.
550 2944 569 2994 P
584 2944 692 3000 hanna
705 2947 764 2996 hid.
780 2947 862 3010 Lugd.
878 2946 952 2997 Febr.
971 2946 1047 2996 Chor.
1063 2945 1147 2998 Poett.
1163 2946 1240 3010 0hb.,

110 3020 184 3064 reeta
197 3012 276 3076 Prag.
292 3030 309 3062 α
321 3028 374 3062 mn
394 3011 529 3063 Sieh.tres
549 3011 604 3064 Gis.
620 3013 716 3064 Woitn.
731 3017 825 3065 Amstr.
849 3015 936 3078 Heius.
961 3014 1027 3064 Cell.
1043 3015 1141 3080 hren,
1167 3019 1241 3066 certa

111 3083 129 3131 B
143 3083 245 3149 (snpra)
259 3081 279 3131 R
292 3081 326 3132 W
339 3096 426 3145 margo
440 3083 518 3132 trium
531 3081 601 3132 Sieh.
736 3085 775 3134 13.
785 3085 924 3134 'Perverse
938 3083 1043 3150 culpam
1057 3090 1119 3134 vota
1134 3089 1241 3149 nigram

112 3156 291 3201 vonertatu.
389 3151 430 3201 tc.
448 3157 589 3216 perempto
604 3149 623 3201 h
637 3167 651 3201 a
665 3167 691 3202 u.
769 3153 821 3202 «20.
842 3153 909 3204 Sors
922 3155 942 3202 h
957 3151 978 3200 Ε
994 3152 1011 3201 Ρ
1025 3153 1083 3213 (ait.
1099 3152 1131 3202 ad
1145 3153 1240 3218 marg.)

110 3217 186 3271 Tlrr.
202 3234 218 3269 a
231 3236 264 3278 ες
284 3215 402 3270 uulneris
415 3217 433 3269 B
448 3219 525 3269 Fahr.
542 3219 612 3273 Sich.
622 3215 678 3270 tres'
689 3221 765 3272 Chor.
776 3216 866 3272 ‘Poeta
1001 3222 1043 3270 21.
1066 3221 1159 3270 Cessat
1172 3213 1243 3270 coni.'

110 3288 182 3351 Bcrg.
199 3304 241 3354 ap.
257 3287 352 3340 waitz.
465 3289 507 3339 24.
526 3287 603 3338 Finit
615 3288 676 3339 Bon.
801 3291 843 3340 26.
859 3295 924 3340 nota
938 3291 967 3338 A:
1088 3290 1129 3339 31.
1145 3291 1240 3338 immo-

110 3357 182 3408 lator
195 3359 258 3407 Bon.
300 3401 303 3409 .
365 3357 408 3407 32.
429 3357 569 3421 quaohld.
585 3355 665 3421 Lugd.

107 3511 590 3577 altiores,parquornppnreot‚ean
603 3515 652 3562 mi·
749 3511 790 3562 12.
810 3509 1241 3576 Bacteoffert,quidominoso-
1273 3571 1276 3578 .

107 3595 174 3629 noro
194 3584 288 3629 notato
301 3584 342 3637 vin
360 3584 489 3630 maiorem
510 3587 652 3630 transcen·
695 3583 820 3644 unificat,-
839 3578 887 3628 scd
905 3594 958 3638 pun
971 3583 1044 3628 recta
1059 3579 1172 3642 diuidit,
1194 3583 1243 3645 qui

107 3649 189 3698 disse.
211 3647 281 3697 Haec
291 3647 378 3711 Higini
393 3648 478 3714 opinio
488 3657 520 3698 an
531 3665 591 3699 vern
606 3651 657 3707 sit,
695 3665 754 3702 non,
766 3647 906 3712 adtendit,
926 3651 972 3697 cui
989 3645 1032 3696 vot
1050 3648 1118 3714 quid
1135 3649 1177 3699 uel
1188 3655 1240 3716 quo

109 3732 157 3766 non
177 3717 351 3780 argumentis,
379 3719 423 3767 sed
443 3719 524 3768 ocutis
543 3718 653 3768 iudicari
695 3719 763 3782 loeo,
778 3717 893 3783 calquis
907 3721 1024 3782 ipscsr't,
1039 3719 1244 3782 quisnarpficat

106 3786 237 3852 poterit.‘¹
259 3813 294 3822 -
317 3787 419 3837 sorotis
444 3807 471 3830 =
494 3793 587 3837 terrac
611 3786 654 3836 ool
695 3789 730 3852 gt.
747 3801 771 3836 a.

104 3856 247 3904 sulcorum
259 3852 309 3903 lso.

157 3923 202 3972 hl.
218 3921 412 3972 Sententiarum
426 3937 522 3973 nexus:
535 3923 564 3973 st
575 3924 653 3974 etiam

104 3999 210 4056 mente,
231 3987 279 4056 qno
293 3992 383 4055 decet,
405 3992 515 4055 offeras,
537 3999 597 4043 vnto
610 4001 654 4042 tun

105 4077 155 4110 nnn
180 4066 293 4124 accepta
310 4066 385 4128 sunt,
411 4060 470 4125 qnia
491 4062 582 4112 ohlata
606 4077 653 4112 non
749 4062 792 4112 25.
812 4076 847 4110 asc
856 4058 1240 4124 samaria'prirod'coopitsn-

104 4136 251 4180 reetacnnt
265 4136 349 4179 ruente
368 4129 498 4181 diviseris.
525 4131 654 4184 Locnsex
698 4128 784 4196 hatich
813 4127 881 4194 „Rei
901 4141 978 4177 verae
997 4127 1127 4178 enarratio
1146 4139 1178 4174 cx
1199 4124 1240 4174 fn·

103 4195 184 4248 Lxx
209 4198 320 4264 interpp.
352 4198 471 4250 versione
496 4197 560 4252 Gen.
586 4202 613 4265 t,
639 4200 653 4247 7
696 4200 764 4250 turis
783 4205 863 4250 morte
882 4195 977 4247 Christi
993 4193 1160 4251 adducenda,
1180 4193 1240 4258 quia

104 4267 215 4334 petitos.
697 4268 760 4318 haec
774 4283 820 4334 per
831 4267 901 4318 iilam
911 4264 1062 4315 adumbrata
1074 4261 1155 4312 init.“
1171 4262 1236 4314 Call.

742 3889 791 3939 nt.
807 3887 882 3938 Mors
893 3889 983 3938 mortis
996 3903 1042 3937 seu
1052 3887 1111 3938 finis
1124 3895 1239 3938 exortem

697 3965 787 4025 petens
801 3958 930 4008 Christum
944 3957 1000 4022 ipsa
1011 3956 1083 4006 finita
1097 3963 1148 4008 est.

167 4372 303 4417 Prudentius
318 4373 353 4417 ed.
368 4373 465 4418 Dresseh.
969 4359 975 4376 ”
1008 4345 1029 4409 9
