3014 4834
562 775 1083 852 DITTOOHAEON.

589 987 899 1042 tastamentum
918 987 1059 1041 VETUS.

670 1112 691 1162 I.
722 1111 816 1162 anan
835 1111 880 1163 ET
899 1109 976 1161 EVA.

393 1208 459 1272 Eva
475 1211 617 1272 columba
634 1210 694 1271 luit
709 1213 784 1270 tunc
800 1208 941 1284 candida,
959 1207 1050 1284 nigra
1066 1206 1175 1268 deinde

351 1307 433 1367 iacta
448 1320 504 1380 per
518 1305 690 1382 anguinum
707 1302 788 1364 male
803 1304 900 1365 suada
916 1302 1026 1364 lraude
1041 1315 1196 1364 venenum

332 1427 433 1492 Incipit
444 1427 514 1476 liber
526 1425 671 1487 ditloohei,
686 1424 759 1491 quod
771 1439 863 1474 nomen
877 1428 920 1474 est
931 1423 968 1472 ad
982 1423 1131 1488 placitum,
1145 1422 1191 1474 dia
1201 1437 1291 1487 grece,
1306 1423 1400 1474 latine

263 1496 378 1562 resectio
391 1509 420 1559 ε,
435 1495 624 1544 Ilittochaaum
636 1494 695 1544 Ald.
710 1493 803 1556 bugd„
818 1494 861 1542 AI
864 1492 1015 1543 TTOXAI
1016 1492 1071 1543 Olli
1079 1492 1169 1555 Aren,
1182 1490 1282 1557 Incipit
1292 1491 1400 1560 Dipty-

264 1566 331 1616 chon
350 1564 444 1614 imon.
465 1567 531 1626 (see.
543 1561 614 1626 xvi)
627 1563 667 1626 A,
687 1562 741 1613 Iste
755 1561 823 1611 liber
837 1564 950 1628 proprie
968 1561 1129 1611 Diroeheum
1144 1565 1255 1610 uocatus
1266 1560 1294 1610 in
1308 1560 1346 1624 gl.
1364 1561 1398 1625 0,

262 1635 399 1700 Incipiunt
418 1633 495 1682 tituli
511 1633 690 1682 historiarum
708 1629 816 1681 Aurelii
832 1629 979 1680 Prudentii
996 1629 1199 1693 Hispaniensis,
1219 1629 1293 1695 quod
1311 1630 1401 1682 Dira-

264 1704 356 1752 cheum
370 1700 402 1751 de
413 1705 529 1767 utroque
541 1704 703 1751 testamento
716 1704 830 1749 vocatur
842 1697 909 1748 alter
921 1698 976 1748 cod.
993 1696 1024 1762 0,
1041 1697 1130 1748 Tituli
1140 1698 1318 1748 historiarum
1331 1697 1358 1750 Τ
1373 1701 1399 1750 in

264 1770 347 1820 indiae
366 1771 470 1836 praevio
490 1776 517 1820 et
535 1771 572 1819 ita
591 1770 622 1818 ad
635 1769 710 1818 tinem
730 1766 883 1834 subscriptio
905 1767 1006 1832 operis,
1028 1766 1199 1817 Tetrasticha
1218 1765 1250 1816 de
1267 1771 1360 1818 ueteri
1372 1773 1400 1818 et

263 1855 329 1889 nono
346 1837 516 1888 Testamenta
528 1838 688 1888 membranae
702 1835 820 1900 Gaucbii,
833 1836 934 1901 Incipit
946 1835 1014 1886 liber
1023 1834 1148 1901 pudentii
1158 1833 1219 1901 (sio)
1231 1851 1278 1884 eae
1291 1836 1400 1886 colam-

265 1909 313 1958 hae
332 1913 358 1956 et
375 1907 400 1956 in
420 1906 470 1955 fine
493 1907 609 1970 opusculi
632 1906 759 1971 implicit
782 1906 853 1955 liber
873 1904 1017 1970 prudentii
1036 1904 1175 1954 Columbo.
1199 1904 1247 1955 deo
1268 1909 1396 1968 gratias.

264 1978 374 2027 Amans·
401 1974 488 2024 Dress.
508 1973 644 2024 Moriettus
658 1975 688 2024 de
706 1973 782 2037 Prag.
802 1973 924 2024 adnotat:
944 1971 996 2037 „ln
1018 1972 1140 2036 Pragensi
1163 1979 1259 2022 tautum
1272 1979 1331 2023 arat
1354 1975 1398 2024 bic
1494 1975 1495 1982 ³

263 2043 379 2096 Titulus:
393 2044 476 2094 Dicta
488 2042 633 2094 Prudentii
644 2043 767 2102 Aurelii,
782 2049 808 2093 et
820 2049 963 2092 ceterorum
976 2041 1125 2105 titulorum,
1141 2042 1183 2107 qui
1197 2041 1304 2092 cuilibet
1317 2058 1397 2108 prue-

264 2113 376 2177 flguntnr
389 2112 429 2163 bic
443 2112 472 2175 (i.
487 2127 513 2163 e.
528 2113 554 2162 in
567 2112 608 2162 ed.
623 2111 744 2178 Aldina),
759 2112 795 2161 ibi
809 2110 972 2173 nudauerat,
986 2111 1031 2162 sed
1044 2126 1136 2162 versas
1149 2125 1234 2160 omnes
1247 2113 1395 2162 continuati

264 2182 319 2233 sine
331 2181 406 2232 titulo
418 2179 506 2230 nlla.“
523 2182 661 2247 Incipiunt
673 2180 761 2231 Tituli
773 2182 974 2246 hystoriarum.
991 2195 1043 2245 par
1061 2179 1160 2230 Adam.
1180 2181 1217 2248 Iit
1227 2179 1316 2230 Iiaanu
1332 2179 1394 2232 ilat.

263 2251 355 2317 (quiin
370 2249 500 2300 Prudentii
520 2251 573 2300 vita
592 2256 696 2300 anctore
716 2247 848 2300 Gennadio
869 2248 1019 2314 opusculum
1039 2247 1103 2297 dicit
1118 2250 1269 2316 Κηροχειιιιι
1288 2249 1321 2297 ad
1344 2249 1397 2300 Eu·

264 2319 389 2371 chiridion
405 2319 522 2383 innuens)
538 2320 551 2369 b
566 2319 610 2368 im
624 2318 829 2384 etlioepliciunt
849 2317 929 2368 tituli
945 2319 1127 2367 historiarum
1142 2315 1166 2366 in
1180 2315 1229 2366 fine
1242 2316 1301 2366 flat.
1317 2317 1336 2380 i,
1352 2319 1397 2368 In·

264 2392 369 2455 cipiunt
390 2389 468 2438 titali
482 2391 641 2438 istoriarum
663 2404 697 2451 a,
714 2388 818 2451 Incipit
830 2386 897 2436 liber
915 2385 947 2436 de
959 2386 1062 2437 duobus
1083 2389 1255 2436 testamentis
1279 2386 1394 2438 subinde

263 2459 320 2510 an
336 2456 463 2508 Columba
475 2461 506 2521 β,
525 2456 706 2520 Prudentius,-
725 2455 750 2505 in
769 2470 850 2518 marg.
866 2456 956 2505 dextro
975 2456 1113 2506 Historia:
1135 2455 1160 2503 in
1174 2455 1258 2520 operis
1270 2453 1322 2505 fine
1335 2456 1395 2506 lia·

261 2528 379 2594 pliciant
392 2526 524 2575 historiae
534 2525 677 2590 prudentii
691 2525 753 2574 1441
771 2521 789 2574 d
794 2561 802 2588 ‚
822 2524 923 2588 Incipit
935 2523 967 2573 de
979 2524 1060 2573 adam
1073 2528 1100 2573 et
1112 2524 1173 2574 lina
1192 2531 1219 2574 ct
1231 2522 1257 2573 in
1269 2523 1321 2574 tine
1334 2526 1396 2576 tic·

261 2596 343 2660 plicit
353 2593 422 2644 liber
429 2594 573 2660 prudentii
585 2595 598 2643 d
608 2631 617 2657 ,
635 2593 737 2658 Incipit
748 2593 815 2643 liber
825 2591 970 2658 prudentis
981 2592 1088 2656 aurelii
1108 2593 1149 2643 Da
1160 2608 1210 2642 eua
1222 2597 1251 2642 et
1259 2592 1354 2652 adam,
1369 2595 1394 2644 in
1495 2609 1496 2642 ι

265 2665 315 2714 bne
327 2665 399 2715 Deo:
415 2661 542 2714 Gratias:
557 2680 588 2727 η,
607 2663 708 2726 Incipit
721 2663 789 2712 liber
797 2661 943 2726 prudentii
954 2661 986 2712 de
999 2661 1142 2725 columba,
1164 2660 1189 2710 iu
1203 2660 1251 2710 flue
1263 2661 1396 2727 Explicit

265 2734 333 2783 liber
352 2731 496 2797 prudentii
513 2732 546 2781 de
563 2731 687 2782 columba
706 2731 745 2794 a,
770 2731 872 2795 Incipit
890 2731 971 2782 Liber
988 2730 1135 2794 Prudentis
1154 2730 1279 2794 dirophei
1296 2729 1322 2779 in
1343 2731 1394 2783 flua

240 2855 245 2869 Ι
264 2801 390 2866 implicit
401 2801 468 2850 liber
484 2799 628 2864 prudentis
641 2799 775 2864 dirophei.
792 2799 972 2865 deogratias.
987 2801 1072 2850 Amen
1085 2813 1115 2861 s,
1136 2798 1237 2863 Incipit
1247 2799 1335 2849 Liber
1345 2801 1395 2852 lli-

266 2871 389 2920 trocheus
400 2867 453 2932 Qui
464 2869 627 2920 Continetar
640 2870 668 2918 ln
682 2867 778 2919 litatis
790 2869 970 2918 Historiarum
982 2883 1012 2930 n,
1025 2868 1127 2931 Incipit
1139 2867 1207 2917 liber
1215 2884 1261 2917 aua
1272 2868 1396 2920 columbe

265 2953 336 3001 am,
356 2943 382 2986 et
394 2937 478 3001 paullo
493 2936 560 2987 inira
573 2951 648 2987 mann
660 2937 755 2987 aetatis
768 2936 894 3002 sequioris
914 2935 995 2988 Libsr
1003 2936 1149 3001 prudentii
1160 2951 1268 2986 carmen
1282 2953 1393 2988 sacram

264 3007 305 3057 De
317 3009 404 3056 aeteri
414 3011 444 3055 at
454 3021 522 3056 novo
536 3010 697 3056 testamento
710 3022 734 3056 z.
763 3004 930 3071 inscriptione
943 3012 1033 3054 carent
1044 3003 1112 3056 Veli.
1128 3019 1142 3054 a
1154 3021 1174 3071 y
1186 3004 1201 3064 ζ
1210 3020 1225 3054 n
1239 3021 1254 3072 q
1267 3006 1305 3067 (in
1320 3007 1395 3057 cuins

265 3090 345 3138 marg.
367 3089 434 3124 man.
454 3075 591 3124 recentiori
614 3075 791 3140 „Diptpcton
804 3075 909 3126 Veteris
929 3079 956 3123 ct
972 3073 1044 3125 Noai
1057 3073 1238 3135 Testamenti,
1259 3075 1325 3139 qaod
1347 3076 1394 3126 alii

266 3148 376 3196 Amoeno
389 3143 434 3194 alii
448 3142 552 3194 Sedulio
566 3143 716 3204 tribuunt“)
730 3159 754 3208 y.
781 3142 820 3192 iix
834 3141 929 3193 Giianii
947 3142 1099 3193 coniectura
1111 3143 1263 3208 Iliplpchon
1277 3147 1335 3193 sice
1351 3143 1396 3194 Ti·

266 3215 339 3264 tulas
351 3215 496 3279 utriusque
510 3212 675 3263 Testamenti
691 3211 823 3278 inscripsit
835 3211 942 3275 lisina,
961 3213 1116 3277 Diptpchon
1134 3214 1188 3260 siue
1201 3211 1395 3263 linchiridium

266 3282 330 3333 Call.
345 3284 497 3349 Diptpchon
511 3281 575 3332 0bb.
604 3281 767 3342 Singulorum
781 3281 988 3330 tetrastichorum
1002 3281 1071 3329 tituli
1086 3280 1111 3329 in
1125 3280 1199 3330 codd.
1213 3293 1336 3346 perquam
1350 3297 1396 3332 va·

266 3354 335 3402 ciant
348 3351 554 3416 discrepantque.
579 3348 700 3400 Nonnulli
714 3352 774 3399 ath
790 3348 810 3398 fl
824 3349 898 3411 Pras.
913 3346 980 3398 Vall.
996 3345 1066 3407 dln
1081 3364 1095 3414 q
1109 3365 1126 3416 y
1139 3365 1153 3398 a
1168 3355 1196 3398 et
1208 3347 1274 3398 0bb.
1290 3351 1394 3402 omnino

265 3435 309 3471 eos
322 3421 460 3480 omittunt3
486 3435 534 3468 anu
553 3418 603 3468 nisi
625 3419 762 3468 secundum
776 3426 802 3467 et
814 3419 918 3468 tertium
932 3417 1083 3468 inscribitur
1095 3418 1121 3467 in
1135 3432 1165 3480 a,
1185 3417 1291 3468 exbibet
1305 3418 1395 3470 titulos

265 3504 344 3553 nsque
363 3489 395 3538 ad
414 3487 519 3554 primum
540 3488 598 3537 novi
616 3487 764 3537 testamenti
778 3487 803 3536 d.
828 3486 856 3536 in
869 3486 930 3536 aliis
951 3485 1138 3552 exemplaribus
1158 3487 1231 3552 primi
1245 3488 1395 3538 tetrasticbi

265 3557 445 3608 coivittitnlas
458 3572 516 3606 cnm
529 3556 694 3622 inscriptione
708 3555 787 3606 totius
801 3555 927 3622 opusculi,
940 3562 969 3605 ut
981 3555 1069 3605 videre
1082 3562 1121 3606 ast
1135 3571 1166 3604 ex
1180 3555 1220 3618 iis,
1236 3571 1304 3620 qnae
1317 3573 1395 3624 snpra

265 3633 353 3676 notata
366 3633 433 3675 sunt.
453 3625 539 3690 Quare
552 3624 612 3674 illos
624 3631 722 3674 tantum
735 3625 851 3691 adposui,
866 3624 907 3690 qui
920 3623 1077 3689 antiquiores
1086 3623 1250 3674 videbantur.
1271 3623 1338 3676 iisse
1352 3643 1396 3676 eos

266 3709 314 3745 non
328 3694 359 3744 ab
373 3701 477 3744 auctore
490 3694 534 3744 sed
555 3709 570 3743 a
584 3693 700 3743 librariis
719 3709 763 3759 pro
783 3693 907 3758 caiusque
925 3700 1001 3758 captu
1020 3691 1152 3745 coniectos
1170 3693 1201 3742 ad
1215 3709 1293 3743 nnnm
1307 3709 1395 3746 omnes

265 3777 413 3830 persuasam
432 3764 529 3824 babeo,
551 3762 676 3828 siqnidem
695 3761 765 3827 ipsae
785 3762 916 3827 picturae,
934 3762 1027 3827 quibas
1046 3761 1146 3825 singula
1160 3763 1316 3812 tetrasticha
1334 3763 1395 3813 sub·

264 3831 360 3899 scripta
372 3830 486 3893 stabant,
501 3832 623 3882 bisecmct
635 3831 684 3881 ium
699 3831 764 3880 satis
777 3830 980 3897 explicabantur.

336 3899 354 3950 l.
375 3900 415 3950 Dc
427 3899 514 3950 Adam
529 3906 557 3952 at
569 3902 625 3951 ilua
644 3916 662 3948 α
676 3899 732 3948 Ald.
754 3897 836 3963 Lug'd.
852 3899 948 3950 Weita.
963 3898 1072 3958 lisias,
1092 3898 1135 3964 qui
1148 3913 1176 3949 se
1189 3901 1353 3964 expressisse
1365 3915 1395 3950 ea

265 3967 472 4020 tetrastichorum
486 3969 603 4019 lemmata
618 3969 698 4029 dicit,
713 3984 778 4034 quus
792 3967 942 4034 praebuerit
955 3965 987 4016 T.
1111 3967 1135 4017 i.
1156 3972 1220 4017 tanc
1234 3971 1254 4019 Α
1268 3967 1290 4018 R
1305 3969 1393 4020 Dress.

266 4038 345 4088 Laar.
360 4037 429 4089 Vall.
443 4038 527 4102 aaib
537 4035 581 4104 yd
586 4038 622 4097 εζ
628 4038 666 4087 im
676 4052 711 4087 sn
724 4036 822 4088 Weitu.
843 4036 930 4088 Heius.
946 4035 1034 4088 Cham.
1049 4035 1114 4088 Call.
1130 4034 1214 4096 0bb.,
1235 4043 1293 4087 mam
1306 4053 1322 4102 q
1333 4039 1395 4088 ΑΜ.

265 4107 346 4172 Lugd.
363 4106 433 4157 Sicb.
443 4115 495 4157 tres
509 4105 583 4156 Febr.
600 4105 655 4157 Gis.
670 4105 746 4155 (ibor.
763 4105 844 4156 Poett.
859 4107 953 4156 Amstr.
968 4105 1045 4155 trev.
1061 4104 1130 4170 [Cir.
1144 4104 1171 4157 S.
1186 4106 1207 4168 l,
1222 4107 1305 4172 praei.
1319 4105 1379 4174 tbl.

316 4176 342 4226 2.
362 4180 523 4240 anguinaum
537 4175 624 4226 Dress.
644 4174 719 4239 Prag.
741 4173 798 4226 list.
814 4173 1394 4242 Vall.,ibydelntimqsyswcits.

265 4244 326 4308 (uon
341 4244 370 4307 P)
390 4245 468 4295 Cbor.
492 4244 573 4296 Poett.
588 4243 670 4307 Colis
694 4245 859 4294 malesuasa
873 4243 960 4294 Dress.
974 4241 1042 4294 Vall.
1061 4248 1109 4309 ,iy
1120 4240 1139 4292 d
1147 4257 1160 4292 ε
1172 4259 1189 4307 η
1203 4260 1217 4292 n
1231 4259 1249 4312 y
1261 4261 1291 4308 u,
1317 4246 1396 4296 mala

264 4329 346 4363 suasa
360 4314 381 4372 ζ.
397 4312 444 4379 Qui
458 4314 616 4366 malesuada
627 4313 752 4376 scribunt,
766 4314 932 4380 malefortis
941 4311 985 4376 (H.
995 4311 1219 4375 iiiiconinngere
1229 4312 1368 4364 debebant.
