2994 4826
475 290 608 346 uenum
628 288 800 344 siullscu.
821 289 841 340 l.
1164 287 1225 348 213

214 979 451 1052 CONTRA
478 977 854 1051 subinsulsum
879 975 1058 1048 LIBER
1080 977 1114 1046 1.

542 1247 773 1311 PRAEFATIO.

371 1403 482 1466 Paulus
498 1425 604 1487 praeeo
620 1403 686 1480 Dei,
705 1403 752 1484 qui
769 1400 982 1482 feu-egentium

309 1497 422 1579 primus
437 1495 526 1560 eorde
543 1517 630 1560 sauro
648 1495 814 1580 perdomuit
828 1491 909 1566 stilo,

310 1591 458 1656 Christum
476 1613 528 1677 per
544 1591 668 1677 populns
685 1591 791 1654 ritibus
807 1587 922 1672 asperis

171 1763 264 1828 Prues.
293 1763 396 1814 Contra
411 1764 564 1814 Simmocon
587 1761 606 1812 E
614 1801 623 1827 ,
654 1764 758 1814 Contra
777 1765 929 1814 orationem
949 1761 1107 1828 Symmachi
1128 1761 1188 1814 llob.
1205 1761 1224 1823 l,

100 1832 200 1898 Incipit
213 1837 309 1882 contro
329 1836 480 1882 orationem
493 1833 653 1898 Spmmueiii
664 1849 699 1895 a,
720 1833 744 1881 iu
760 1831 878 1881 stitutus
892 1830 994 1892 nullus,
1014 1829 1064 1878 nisi
1078 1830 1143 1895 qnod
1157 1845 1224 1881 men.

101 1900 906 2020 'tillitttttiiittt“itiittttt‘i'titt
935 1899 1227 2029 iiiii“i'⁰³i0⁸ii”t

100 1985 293 2104 inimieorum
312 2040 358 2088 iit.
374 2039 393 2088 i.
413 2005 542 2089 Nunc'de
554 2010 725 2102 praefatione
743 2007 818 2099 tii-
835 1987 963 2102 mdpffl
985 2006 1051 2097 2'3'5,
1073 2006 1115 2101 riui
1129 2038 1227 2100 glosse-

100 2115 168 2157 mate
182 2108 318 2170 eontinet),
333 2108 430 2174 Incipit
442 2109 583 2172 Proesctio
597 2109 684 2158 Primi
695 2107 831 2158 Aduersus
844 2107 1008 2158 Simoineum
1021 2104 1101 2156 Libri
1112 2122 1137 2156 n.

152 2260 182 2311 C.
198 2259 336 2311 Suetonius
351 2259 446 2327 Tronq.
468 2262 492 2310 in
513 2262 565 2312 vitu
579 2261 643 2312 Cue-
685 2263 716 2312 de
730 2260 838 2328 Capitol.
854 2260 905 2323 23,
923 2257 1034 2310 Turneb.
1050 2259 1113 2309 Adv.
1126 2257 1224 2319 XXIV,

101 2330 166 2380 seris
185 2329 322 2380 Octaviani
342 2332 449 2393 Augusti
470 2345 491 2380 c.
508 2331 556 2380 100
579 2331 642 2380 bueo
687 2333 733 2393 15,
766 2331 860 2380 Suebse
885 2329 1075 2390 Resebreibung
1100 2328 1125 2377 i.
1151 2328 1226 2377 sum

101 2399 198 2449 referte
222 2398 324 2464 Corpus
348 2398 496 2466 [Oetnviuui
516 2399 641 2466 delnoeli]
685 2401 747 2451 Rom
762 2398 793 2461 ΙΙ,
804 2415 827 2464 p.
840 2400 865 2461 7,
885 2397 944 2447 llirt
956 2395 1110 2448 Gesohinbte
1123 2397 1148 2446 il.
1160 2397 1226 2448 buu-

101 2469 258 2518 decuriones
281 2472 490 2535 municipiorum
518 2475 546 2519 et
570 2470 641 2519 coio-
684 2469 763 2519 knust
776 2467 818 2530 lV,
833 2469 882 2528 54,
901 2466 1092 2528 Bosebreibung
1109 2467 1133 2515 d.
1152 2464 1227 2516 suit

99 2543 209 2587 nicrum
228 2551 245 2585 n
263 2536 333 2587 Nola
352 2539 471 2588 Bouillas
489 2553 573 2601 resque
597 2539 641 2589 de·
684 2537 806 2588 Romvon
821 2536 852 2586 u.
868 2534 987 2599 Pletner,
1008 2534 1038 2586 C.
1054 2535 1153 2584 buosen
1173 2543 1223 2584 ete.

97 2610 252 2672 portarunt
282 2607 404 2656 noctibus
431 2612 545 2672 propter
576 2610 643 2656 enni
685 2608 729 2656 lid.
751 2605 796 2668 ΙΙΙ,
819 2604 905 2654 Abtbl.
927 2604 952 2668 2,
976 2621 999 2670 p.
1022 2604 1055 2654 84
1074 2619 1129 2669 sqq.
1160 2603 1223 2654 Eum

101 2680 220 2738 tempus,
247 2690 305 2725 oum
330 2676 450 2726 interdiu
474 2679 501 2725 in
527 2677 641 2726 lencilino
684 2676 753 2726 iuter
774 2689 881 2736 omues,
905 2689 968 2739 quns
992 2673 1036 2723 illu
1061 2673 1109 2722 dee
1130 2671 1224 2722 Romus

102 2747 232 2807 cuiusque
254 2744 348 2808 oppidi
364 2745 406 2794 nel
424 2748 451 2793 in
470 2745 576 2794 andium
595 2761 641 2794 en·
684 2759 744 2795 orus
758 2744 869 2794 bnbebut
884 2743 984 2793 dinetus
1003 2743 1051 2802 (uti
1070 2741 1096 2792 iu
1109 2742 1223 2804 regione,

100 2827 212 2862 crurum
240 2816 360 2862 monimo
391 2818 578 2876 reponeretur.
616 2814 642 2864 A
684 2814 725 2863 eui
745 2812 1074 2874 nomenAlineSemitne,
1096 2811 1121 2861 io
1142 2812 1226 2860 altere

99 2882 214 2932 nouum
232 2887 357 2946 equester
375 2881 441 2932 ordo
460 2885 582 2948 rizocopit
595 2897 641 2932 ur·
684 2881 729 2934 Au
743 2881 881 2947 Templum
894 2881 981 2944 Pnois,
996 2880 1073 2930 tertie
1086 2879 1113 2929 in
1123 2879 1226 2945 Capito-

100 2952 177 3014 bique
189 2949 291 2999 intulit
307 2955 390 3016 nique
408 2955 437 2999 in
454 2951 583 3001 neonisio
597 2949 642 3000 do·
684 2951 748 3010 lin),
771 2950 877 3001 Romani
899 2949 957 3000 inde
978 2950 1010 3000 nb
1031 2950 1139 3012 Augusti
1161 2963 1225 2998 novo

99 3019 321 3070 museollnonsu't.
342 3019 642 3084 Senatueetinsunere
684 3021 784 3086 plurimi
812 3019 955 3082 lenieboot‚
984 3019 1021 3068 ile
1045 3026 1075 3068 ut
1098 3018 1144 3068 sub
1169 3017 1225 3083 ipso

100 3087 224 3138 ornando
245 3092 273 3137 et
288 3091 317 3136 in
338 3092 467 3138 memorio
481 3087 642 3139 honorando
685 3088 852 3139 Constantino
874 3087 936 3154 imp.
960 3087 984 3137 in
1006 3101 1098 3151 magne
1118 3101 1228 3137 veneru-

100 3173 129 3207 eo
147 3155 241 3206 studio
263 3159 389 3206 certatim
407 3171 569 3222 progressus
591 3162 641 3218 est,
684 3159 754 3208 tione
773 3171 915 3220 mngueque
934 3157 1057 3219 religione
1078 3155 1225 3207 hebetetur.

100 3231 132 3274 ut
151 3229 228 3275 inter
247 3225 306 3274 ulio
327 3227 467 3292 complura
486 3228 643 3276 censuerint
683 3226 782 3276 Primus
804 3227 947 3288 Constans,
968 3224 1128 3274 Constantini
1146 3224 1225 3284 lilius,

99 3293 228 3360 quidum,
255 3295 345 3358 sunus
374 3295 539 3359 triumphali
561 3299 642 3356 porta
684 3311 739 3346 eam
772 3296 882 3346 semovit
914 3295 1075 3358 evertitque,
1111 3291 1226 3342 restituit

99 3363 249 3412 ducendum
286 3364 467 3428 praecedente
505 3361 640 3427 Victoria,
685 3371 769 3415 nutem
779 3362 951 3427 Magnentius,
962 3377 1011 3426 quo
1022 3359 1226 3410 deviclnacnu-

100 3447 168 3497 quae
182 3437 226 3480 eet
238 3433 266 3479 in
278 3433 359 3482 stiria
374 3431 577 3497 [insilientium
592 3432 641 3482 nir.
684 3436 797 3495 strutio,
817 3434 899 3482 altero
914 3429 1078 3480 Constantini
1092 3429 1162 3492 lilio,
1183 3429 1225 3478 de-

100 3501 162 3550 ibid.
184 3499 269 3561 Celig.
293 3515 315 3549 c.
337 3501 380 3566 37]
399 3502 557 3552 canentibus
578 3517 642 3550 nne·
685 3518 734 3551 uuo
753 3499 911 3550 dirutelult.
938 3499 1059 3548 lleudits
1077 3498 1228 3563 multopost

99 3573 175 3619 niam
205 3573 358 3634 principum
384 3570 474 3620 tiberis
499 3573 642 3634 utriusque
684 3587 730 3636 per
748 3569 872 3620 lulianum
894 3568 1043 3633 Apostolum
1066 3566 1159 3616 iterum
1180 3582 1226 3617 ex-

99 3655 194 3688 senus.
220 3639 352 3698 Angustus
362 3638 441 3701 igitur
453 3639 562 3689 Antonio
576 3639 641 3704 opud
684 3641 753 3690 nullu
768 3645 821 3701 est,
842 3653 922 3702 neque
936 3651 951 3686 e
965 3635 1069 3686 levienn
1084 3643 1196 3697 remote,
1211 3652 1235 3686 s·

97 3707 200 3756 Aetium
216 3706 318 3756 devicto
330 3708 497 3774 Aegyptoque
514 3707 642 3757 debellata
684 3707 867 3758 Valentiniano
892 3705 972 3772 primo
994 3704 1078 3771 potius
1102 3706 1224 3755 tolerata.

99 3775 207 3824 Curiam
225 3773 332 3838 lulium,
354 3791 369 3826 n
389 3775 452 3826 lulio
472 3776 583 3826 Ceesere
604 3777 642 3826 io·
685 3775 865 3826 Verumtamen
878 3773 1034 3836 Gentianus,
1049 3772 1226 3824 Valentiniani

100 3846 232 3906 eboolusu,
264 3852 353 3909 postea
381 3845 498 3896 incendio
523 3846 642 3908 deletum,
685 3847 759 3912 primi
788 3845 871 3907 filins,
906 3842 1055 3894 Constantis
1085 3843 1225 3908 exemplum

99 3918 233 3979 omp'intn
265 3913 322 3963 solo
353 3914 418 3976 (viil.
454 3913 642 3964 Monumentum
683 3921 787 3964 secutus
806 3914 905 3976 insigne
924 3913 1087 3962 simulacrum
1105 3927 1161 3962 cum
1180 3927 1226 3962 ura

100 3984 212 4048 Aueyr.)
226 3983 410 4032 restituendum
423 3984 540 4046 curavit,
555 3982 642 4047 ibique
685 3982 789 4034 eCnria
806 3983 902 4045 eiecit,
922 3981 1149 4046 sacerdotibusque
1167 3981 1226 4030 deo·

99 4059 211 4102 statuum
225 4049 358 4102 Victoriee
372 4059 399 4101 et
411 4067 482 4102 erem
494 4052 641 4114 oolloouvit,
685 4068 756 4114 rum,
777 4067 824 4102 non
839 4051 954 4116 exeeptis
968 4049 1129 4112 Vestalibus,
1149 4049 1226 4098 solite

101 4121 141 4170 uui
168 4127 304 4170 seuetores
328 4122 501 4184 ingredientes
530 4128 587 4170 ture
613 4135 643 4170 ne
685 4122 852 4172 emolumento
878 4121 966 4182 regeri
987 4120 1072 4170 iussit.
1103 4117 1131 4167 ld
1152 4116 1226 4184 Sym-

103 4205 170 4240 nero
190 4189 305 4238 litarent.
338 4189 393 4240 eir.
412 4191 551 4241 Herodieu.
570 4189 600 4247 V,
615 4191 640 4249 5,
684 4192 790 4240 mechus
804 4206 850 4240 non
865 4189 951 4240 lenens
965 4189 1064 4238 nomine
1078 4193 1224 4236 senntornm

103 4257 157 4320 Vll,
169 4259 210 4321 ll,
229 4257 286 4307 Ael.
301 4257 431 4326 Lamprid.
442 4260 517 4310 Alex,
529 4259 588 4308 Sev.
599 4260 640 4320 14,
685 4259 816 4322 gentilium
827 4274 892 4308 unuo
902 4258 951 4308 382
965 4257 1115 4307 (inultorum
1128 4255 1223 4318 crevit,

104 4328 189 4377 Ambr.
212 4325 429 4394 eilv.Synrm.ll,
446 4329 475 4393 l,
503 4327 642 4396 llpcquium
684 4336 713 4378 ut
726 4327 856 4378 Victorino
869 4342 938 4377 orem
951 4324 1055 4388 Curiae,
1070 4325 1225 4374 emolumen-
