2994 4826
480 289 616 344 dodran
629 283 800 347 SYMMACH.
820 293 849 346 ΙΙ.

121 543 125 552 ,
188 475 222 541 Si
237 479 326 556 potui
341 478 485 542 manibus
501 473 661 544 Gallorum
678 481 786 543 excisa
800 481 906 544 levare

188 574 226 636 de
241 575 382 637 cinerum
398 575 543 651 squalore
559 579 660 652 caput,
679 576 830 640 redeunte
846 573 979 640 Camillo

189 668 281 744 signa
296 668 451 730 renidenti
467 669 592 731 lumans
608 669 634 731 si
651 669 754 731 frome
768 671 884 748 recepi,

188 764 216 826 si
231 765 318 842 potui
336 765 468 826 miseras
484 766 577 827 sertis
592 766 735 827 redimire
750 767 858 828 ruinas

189 861 221 920 et
236 859 317 920 male
331 859 501 935 pendentes
517 859 606 921 lauro
621 861 823 937 praecingere
837 863 961 923 turres:
1178 872 1229 923 aas

187 969 248 1030 quo
264 959 296 1016 te
311 955 479 1031 suscipiam
495 955 627 1032 gremio,
646 955 816 1017 fortissime
831 957 987 1033 princeps,

188 1064 267 1126 puos
282 1065 429 1128 spargam
443 1051 548 1128 liores,
567 1053 680 1128 quibus
696 1053 854 1114 insertabo
870 1052 994 1114 coronis

188 1145 280 1220 atria,
299 1157 379 1220 puae
395 1145 486 1206 lestis
502 1145 688 1221 suspendam
704 1145 797 1221 pallia
813 1146 923 1222 portis,

185 1239 324 1303 inmunis
339 1241 418 1302 tanti
435 1239 519 1317 belli,
537 1255 573 1302 ac
589 1245 620 1303 te
635 1245 738 1302 stante
753 1242 812 1302 sub
826 1241 922 1302 armis

188 1335 287 1398 libera
302 1339 335 1396 et
349 1350 424 1398 aure
439 1339 532 1399 tenus
549 1333 674 1398 Geticos
690 1339 818 1413 experta
835 1335 1010 1398 tumultusi

189 1426 312 1494 Soanda
327 1431 542 1508 triumphalem
559 1447 697 1510 currum,
716 1432 886 1509 spoliisque
901 1431 1036 1509 receptis

186 1525 248 1588 bue
265 1521 391 1590 Christo
407 1527 574 1588 comitante
589 1528 679 1590 veni:
704 1528 775 1588 date
790 1527 916 1589 vincula
931 1528 1051 1588 demam

187 1621 321 1697 captivis
336 1621 499 1697 gregibus,
519 1622 656 1684 manicas
672 1622 814 1699 deponite
829 1623 924 1698 longo

186 1716 279 1798 tritas
295 1714 423 1776 servitio
438 1717 572 1776 matrum
588 1715 798 1792 iuvenumque
813 1719 968 1777 catervae.

186 1807 336 1872 Dediscat
351 1810 470 1872 servire
486 1823 583 1873 senex
599 1811 675 1872 laris
691 1813 765 1874 exul
780 1812 867 1888 aviti,

188 1905 290 1966 discat
304 1907 337 1964 et
352 1903 391 1964 ad
406 1903 541 1978 patrium
556 1903 651 1966 limen
666 1903 827 1981 genetrice
841 1917 970 1966 reversa

186 2001 357 2078 ingenuum
374 2015 409 2060 se
424 2013 518 2062 nosse
533 2012 620 2076 puer,
639 1999 734 2062 timor
748 2000 849 2062 omnis
864 2000 991 2061 abesto:

188 2097 333 2172 vicimus,
351 2094 495 2157 exultare
510 2095 597 2156 libet.
622 2091 704 2176 Quid
720 2096 783 2156 tale
797 2095 923 2170 repulso

187 2189 366 2255 Poenorum
382 2191 536 2266 quondam
546 2189 629 2252 duce
644 2189 796 2266 contigui
817 2189 870 2250 ille
885 2189 1000 2264 petitae

187 2288 352 2362 postquam
367 2284 543 2360 peremerat
557 2283 742 2346 tremefacta
756 2281 906 2358 repagula
921 2285 1041 2358 portae,

187 2377 315 2442 Baianis
331 2378 490 2440 resolutus
506 2378 597 2455 aquis
612 2378 779 2440 durissima
795 2377 875 2439 luxu

186 2477 301 2540 robora
316 2474 459 2536 destituit
474 2475 653 2551 lerrumpue
668 2474 796 2536 libidine
812 2474 917 2550 tregit.

186 2570 232 2634 At
246 2574 354 2632 noster
370 2565 479 2631 stilico
495 2584 686 2646 congressus
702 2569 875 2630 comminus
889 2568 958 2643 ipsa

188 2681 229 2728 ex
245 2666 311 2728 acie
327 2666 445 2728 serrata
459 2666 563 2728 virum
579 2665 652 2727 dare
668 2669 759 2742 terga
774 2665 888 2740 coegit.

172 2803 233 2854 722.
247 2809 338 2869 caput,
353 2809 381 2854 et
392 2802 449 2853 nid.
467 2801 548 2868 Lagi.
563 2801 695 2852 Sicln.tres
708 2800 784 2852 Febr.
800 2801 894 2864 Grang.
911 2800 1005 2850 nmstr.
1078 2797 1137 2848 723.
1152 2799 1231 2862 signa

97 2873 238 2924 renitendi
254 2869 314 2922 nid.
334 2872 415 2936 Lngd.
431 2871 562 2924 Sicb.tres
582 2871 658 2922 Cher.
675 2871 779 2936 Poelt.‚
798 2875 910 2938 signore
921 2867 1027 2919 nitendi
1038 2866 1136 2932 Lagi„
1162 2869 1232 2917 rena·-

98 2946 175 2994 tente‘
186 2941 262 2992 Fabr.
403 2940 462 2992 724.
477 2945 577 2992 misera
591 2939 627 3006 Ε,
640 2944 772 2991 nriserens
786 2955 811 2991 a.
951 2937 1011 2989 725.
1031 2937 1112 2987 lauru
1129 2934 1160 2987 Τ.

143 3011 206 3061 729.
225 3015 378 3060 occasionis
402 3024 427 3059 a.
568 3011 627 3060 730.
647 3009 795 3076 Alpetcnus
808 3009 828 3058 n
842 3007 864 3058 R
878 3007 909 3058 W
924 3010 1012 3072 (supra
1026 3006 1086 3068 alt.)
1100 3003 1158 3056 flat.
1175 3003 1231 3055 Gis.

98 3079 209 3148 [ciant.
223 3078 267 3129 vl.
283 3095 352 3129 cons.
368 3077 432 3128 Hon.
448 3076 527 3146 264],
549 3085 695 3130 auretenus
708 3093 759 3130 scr.
773 3095 791 3127 α
803 3095 820 3128 ιι
833 3078 890 3128 nid.
908 3075 988 3142 Lugd.
1004 3073 1230 3126 Sieh.tres'Fabr.

98 3149 202 3200 Weitz.
218 3147 314 3210 Grang.
328 3147 405 3197 Char.
421 3147 503 3198 Poett.
518 3145 614 3198 Amstr.
630 3146 711 3210 obb.;
732 3147 867 3198 tumultus
881 3148 901 3197 Α
914 3161 940 3198 a.
1041 3143 1100 3194 731.
1115 3145 1233 3208 reperta

97 3219 132 3270 W
148 3221 241 3286 (snpra
255 3217 379 3283 receptis)
395 3215 451 3268 bar.
466 3215 563 3268 Weitz.
705 3218 764 3268 732.
791 3217 859 3266 dcta
872 3215 915 3266 ult
936 3209 1159 3264 subnectam.
1175 3209 1230 3260 Gis.

97 3288 181 3339 chor.
201 3285 287 3338 Poett.
403 3286 462 3336 734.
482 3292 589 3336 caterva
612 3285 664 3337 tu.
772 3284 830 3336 735.
850 3286 962 3334 lerean.
1070 3279 1129 3330 736.
1153 3293 1233 3343 genc-

96 3361 171 3409 tre'ce
184 3371 202 3405 a
214 3353 310 3406 Arnstr.
325 3354 412 3406 Heius.
428 3354 504 3418 obl„
523 3359 657 3420 genitrice
672 3369 687 3405 a
700 3371 716 3404 n
729 3362 755 3406 et
768 3353 849 3418 requ.
864 3353 922 3402 edd.
1011 3349 1070 3400 737.
1089 3349 1232 3413 Ingenium

96 3442 124 3478 a.
209 3427 269 3474 740.
288 3424 444 3490 pertulerat
457 3424 514 3476 ald.
531 3422 611 3487 Lugd.
625 3423 759 3474 Sieb.tres
773 3421 848 3472 Febr.
934 3419 992 3470 741.
1009 3417 1152 3496 dunestane
1164 3413 1195 3466 Α.

155 3494 217 3544 742.
233 3493 321 3544 dicar.
335 3492 367 3544 Α.
479 3493 538 3543 743.
559 3507 733 3558 congressam
748 3491 825 3542 Lnnr.
841 3507 859 3539 α
872 3504 886 3538 a
900 3506 917 3538 n
929 3487 987 3538 nid.
1000 3485 1082 3548 nuga.
1097 3484 1233 3534 Srclr.tres

97 3563 184 3614 Febr.
199 3560 254 3612 Gis.
270 3560 364 3626 Grang.
381 3560 457 3612 Cbor.
471 3559 555 3614 Poett.
570 3563 668 3614 Amata.
789 3559 848 3610 744.
865 3557 951 3608 viram
964 3555 1020 3607 Gis.
1036 3555 1067 3604 ad
1081 3569 1162 3604 oram.

96 3701 219 3752 victores
232 3715 259 3750 es
272 3707 329 3764 post
340 3700 464 3766 praelium
476 3699 648 3752 Pollentinum
691 3697 815 3748 londanus
829 3695 939 3748 fortasse
960 3692 1058 3760 decepti
1072 3699 1148 3756 sunt,
1167 3691 1235 3758 quod

96 3768 266 3833 negligentes
285 3769 457 3832 obtinuerint,
479 3770 544 3836 quod
559 3783 648 3819 narro·
691 3766 811 3818 (icosium
833 3781 881 3815 non
901 3765 965 3814 bene
984 3762 1171 3812 intellexerint.
1203 3760 1234 3810 lb

95 3838 169 3890 tioni
205 3836 342 3888 Claudiani
376 3838 478 3888 minime
513 3844 647 3888 consonat.
692 3842 762 3886 certe
772 3833 908 3885 Prudentii
928 3847 1019 3884 versus
1039 3839 1127 3897 operte
1148 3837 1235 3880 osten·

95 3908 167 3958 Nam
192 3907 215 3956 is
240 3907 265 3955 in
291 3921 413 3973 panegyr.
439 3905 524 3956 dcvi
550 3906 648 3958 consul.
692 3905 771 3968 dunt,
805 3905 842 3954 ito
871 3903 949 3952 inisse
974 3901 1117 3952 Pollentiae
1138 3897 1235 3950 Gothos

94 3975 212 4028 Honorii
232 3974 309 4024 eiiam
326 3974 462 4026 victoriain
481 3982 538 4041 post
550 3974 650 4026 Polien-
693 3973 831 4036 disiectos,
854 3980 882 4021 ut
900 3971 979 4022 Roma
999 3970 1048 4020 iam
1069 3983 1158 4022 secura
1176 3982 1235 4016 een-

95 4046 186 4096 tinum
216 4044 341 4109 praelium
372 4058 387 4093 a
418 4042 543 4094 stilicone
572 4059 650 4110 prope
693 4049 805 4094 seretur.
836 4039 979 4092 lln0rosio
998 4039 1128 4103 colligitur
1146 4036 1233 4098 etiam,

93 4113 232 4165 Veronam
257 4119 356 4178 partam
379 4121 567 4164 commemorat.
603 4111 653 4165 liba
694 4127 743 4161 non
763 4111 844 4177 ipsum
859 4110 1007 4161 stiliconem
1021 4106 1119 4174 praelio
1133 4103 1235 4184 Pallen:

94 4183 191 4235 Roma
200 4182 305 4247 periclo
320 4182 413 4232 -Iam
426 4184 534 4246 procul,
549 4187 578 4232 ct
590 4183 653 4232 belli
692 4179 881 4242 discubuisse,
896 4180 939 4230 sed
954 4177 1055 4228 Saulem
1068 4176 1172 4234 docem,
1192 4187 1234 4222 cnr

95 4251 209 4304 mediae
222 4250 314 4301 Padus
327 4252 431 4301 orditer
452 4252 519 4300 ibat.
546 4249 651 4300 Cassio·
694 4265 791 4301 summa
804 4249 866 4300 helii
880 4247 1012 4300 commissa
1027 4243 1107 4295 tuit.“
1116 4242 1199 4294 Areo.

100 4321 187 4372 dorus
204 4327 232 4370 et
244 4318 383 4370 lornandcs
401 4319 456 4371 sive
467 4327 495 4370 ut
504 4319 548 4370 alii
558 4326 651 4370 voennt
