3018 4826
314 1153 818 1233 Plamsrmrnnrton
842 1159 1034 1234 LIBER.

126 1493 151 1544 Ι.
183 1487 321 1547 ainans
339 1491 374 1546 ΙΝ
393 1491 558 1545 [1011011111
575 1493 778 1548 SANC'l'ORUM
796 1495 980 1549 MARTYRUM
997 1497 1160 1550 trannin}
1180 1496 1223 1551 ΕΤ

391 1573 585 1627 CllELlDONll
604 1575 967 1629 cennonnnmnnontini.

263 1752 386 1834 Scripta
402 1760 477 1818 sunt
492 1755 579 1819 caelo
595 1756 727 1820 duorum
743 1761 918 1834 martyrum
934 1759 1098 1838 vocabule,

197 1855 303 1916 aurcis
318 1868 397 1930 quae
414 1847 563 1915 Christus
579 1852 644 1914 iilic
659 1855 822 1916 adnotavit
836 1855 961 1933 litteris,

180 2016 279 2083 Incipit
296 2018 355 2070 tro.
370 2019 563 2084 Peristesonon
586 2033 632 2068 aa
653 2017 707 2081 (hic
719 2025 746 2068 et
758 2017 855 2070 Weiiz.
871 2018 1116 2086 Peristepltanon),
1140 2021 1243 2086 Incipit

102 2086 223 2139 Le'berll
234 2085 545 2140 ΠΕΡΙΕΤΕΦΛΝωΝ
558 2088 572 2137 1
586 2087 594 2137 1
608 2087 753 2152 (praecedit
763 2088 854 2154 qnippe
868 2085 928 2137 Liir.
938 2088 1065 2152 (lethem,
1079 2089 1157 2154 quiin
1169 2097 1241 2141 ntro-

102 2171 159 2221 que
172 2163 212 2206 est
225 2155 283 2207 Lib.
298 2157 337 2220 l),
352 2159 456 2222 primum
471 2156 558 2208 iolinm
572 2157 628 2205 aod.
643 2171 667 2206 m
681 2157 853 2222 discerptum,
875 2173 921 2207 nec
934 2157 1014 2208 totius
1026 2158 1146 2208 carminis
1160 2173 1241 2224 neque

100 2224 182 2292 primi
197 2225 282 2292 hymni
303 2225 437 2294 inscriptio
450 2243 465 2293 p
478 2242 510 2290 u,
530 2226 620 2275 titulos
633 2241 647 2290 q
666 2239 755 2274 manns
768 2225 885 2290 apposnit
902 2242 991 2276 recens
1005 2225 1172 2278 Giselinienis
1187 2228 1241 2278 lere

101 2301 295 2360 consonantes,
310 2295 367 2345 heic
380 2295 494 2360 quidem:
510 2295 539 2346 S.
549 2293 576 2344 S.
591 2294 763 2358 Martyrilrur
777 2295 925 2345 llemiterto
943 2301 970 2346 et
983 2296 1138 2348 Chelidonia
1158 2298 1241 2348 Cala-

98 2364 267 2430 gure'tanlr,
287 2363 324 2413 nil
336 2362 474 2417 Morietlns
488 2363 588 2414 noterit
606 2363 636 2412 de
650 2361 708 2414 liet.

176 2430 276 2494 Incipit
288 2434 356 2483 Aur.
372 2433 521 2484 l’rurlentai
532 2432 675 2483 Clementis
687 2433 801 2498 lyranus
820 2435 848 2482 in
863 2431 972 2482 laudem
986 2430 1152 2484 Sanctorum
1164 2433 1241 2484 Mar-

102 2505 202 2567 tyrum
215 2501 336 2552 Bructeri
347 2506 377 2551 et
390 2501 537 2554 Chelidoni
550 2501 811 2567 Calagora'tanorum
831 2501 936 2563 Amin,
956 2502 1093 2552 Emeterii
1104 2508 1133 2552 et
1147 2501 1240 2554 01111-

100 2570 172 2619 dont
187 2568 483 2636 Calaguerritanorum
494 2567 533 2634 Τ,
558 2570 654 2620 Passio
667 2569 803 2620 Hemetrii
814 2575 842 2618 et
856 2570 995 2622 Caledonia·
1013 2569 1049 2633 R,
1076 2571 1199 2638 Hymnus
1211 2575 1239 2620 in

100 2638 236 2688 honorem
256 2639 305 2690 SS.
320 2639 479 2706 Martyrum
493 2639 639 2689 tlema'terii
654 2639 756 2702 ticin,
773 2638 803 2688 ln
817 2639 946 2689 honorem
963 2645 1122 2690 sanctorum
1134 2639 1241 2707 Marty-

99 2721 169 2756 rum
193 2705 328 2757 Emeterii
351 2713 380 2757 et
401 2708 556 2759 Chelidonii
577 2708 854 2774 Calagurritanorum
879 2707 937 2758 rut.
962 2707 1050 2758 lleins.
1073 2708 1109 2773 (in
1133 2707 1241 2774 reliquis

99 2773 207 2824 Heinsii
227 2777 301 2828 codd.
316 2776 386 2826 nulle
399 2776 563 2843 inscriptio),
588 2777 711 2844 Hymnus
730 2779 759 2826 e'n
773 2778 901 2827 tenorem
913 2783 1071 2827 sanctorum
1083 2783 1241 2844 martyrum

95 2844 234 2894 Emiterii
245 2850 274 2894 et
285 2846 420 2897 cintilani
430 2862 465 2908 a,
480 2847 596 2912 tyrranus
607 2851 764 2896 sauctorum
776 2849 924 2896 martirum
935 2847 1044 2896 limetri
1054 2851 1081 2896 et
1094 2845 1238 2897 olala'dont.

98 2919 400 2975 cesaraugustanorum
414 2929 438 2978 e,
456 2913 558 2966 llmnae
572 2917 601 2964 in
613 2915 714 2965 tonora
726 2919 835 2982 martyr
848 2914 909 2981 [iem
921 2914 1018 2980 aliquid
1033 2913 1199 2981 discerptum]
1214 2921 1243 2966 et

97 2981 237 3032 celedonii
256 2983 536 3048 Calagurritanorum
555 2983 586 3047 b,
611 2999 710 3050 ymnus
731 2987 760 3034 in
779 2985 882 3034 tonare
900 2983 1054 3050 Martyrum
1067 2985 1197 3035 Emeterii
1214 2990 1242 3035 et

98 3050 263 3101 Caelealonii
270 3050 546 3119 Calagurritanorum
560 3049 580 3116 i,
593 3053 715 3119 llymnne
729 3057 756 3102 in
770 3053 898 3104 tenorem
910 3053 1073 3104 Sanctorum
1083 3051 1239 3120 Martyrum

96 3119 237 3170 Emiiarii
256 3125 283 3170 et
302 3121 461 3172 Cltaledom'i
484 3120 766 3187 Calagurritanorum
785 3121 847 3172 Ain.
868 3120 950 3186 Lugii.
978 3122 1048 3188 (heic
1072 3122 1239 3184 Hemiterii),

95 3187 164 3238 Arni
176 3189 277 3238 emend.
292 3190 459 3254 Hemelerit',
474 3195 501 3240 et
515 3190 684 3255 Clteledonii,
699 3190 794 3241 Passio
807 3191 939 3241 Emeterii
949 3197 978 3242 et
991 3191 1147 3242 Claeltdonie‘
1159 3190 1241 3241 Cala-

93 3261 317 3322 gurritanorum
330 3259 489 3326 Martyrum
508 3258 573 3310 Geli.
589 3257 654 3310 011,
676 3259 731 3324 (iric
750 3259 1035 3326 Culagaritauorum).
1169 3257 1192 3307 1.
1210 3259 1240 3306 ia

96 3325 181 3376 caelo
196 3327 235 3376 11
248 3341 263 3392 q
274 3327 352 3392 ein,
372 3329 445 3379 eaelo
459 3328 520 3378 nini
534 3328 632 3378 emend.
644 3346 651 3392 3
671 3333 699 3378 e'a
713 3329 800 3391 giosse
814 3343 871 3379 esse
885 3329 1003 3393 videtur,
1019 3326 1043 3377 ni
1057 3326 1154 3391 legeris
1167 3325 1240 3376 Scri·

91 3400 152 3462 pta
165 3398 194 3445 ia
209 3396 283 3446 caelo
295 3403 363 3448 eunt
373 3412 427 3463 sqq.
539 3399 567 3450 2.
585 3399 737 3464 Aureieque
750 3396 772 3448 tt
784 3396 870 3464 11111.
885 3395 969 3460 bugd.

154 3528 477 3599 internascentesque
501 3533 598 3586 mentio
621 3533 651 3584 rit
692 3550 719 3600 p.
745 3534 811 3595 315,
842 3532 892 3584 Les
916 3529 978 3584 Vies
1003 3532 1050 3583 des
1074 3529 1163 3582 Saints
1186 3535 1238 3581 cte.

93 3599 145 3664 lV,
163 3601 194 3651 31
213 3602 313 3652 nomine
328 3602 428 3668 quidem
446 3619 576 3670 oppresso.
602 3603 651 3656 Sc·
694 3603 766 3654 Tom.
783 3601 828 3667 lll,
843 3618 867 3668 p.
880 3600 902 3651 ll
916 3609 942 3652 et
955 3601 998 3652 28.
1017 3599 1059 3650 Ex
1070 3616 1097 3651 v.
1108 3601 1140 3651 75
1154 3606 1240 3650 autem

9 3671 27 3732 ζ’
90 3671 221 3738 quierem
239 3677 376 3738 temporum
396 3672 536 3737 scriptores
556 3673 587 3723 tle
607 3688 651 3737 pe·
693 3672 720 3722 id
739 3672 804 3722 certi
823 3671 968 3735 colligitur,
989 3670 1138 3720 convixisse
1156 3685 1201 3719 eos
1215 3686 1239 3719 1.

91 3741 152 3792 tri·
167 3739 307 3803 dissident,
321 3747 456 3806 utrumque
470 3742 571 3806 quidem
586 3741 651 3792 civi-
694 3741 760 3805 303,
781 3755 829 3806 quo
843 3739 925 3790 iibeili
939 3741 1007 3790 secri
1020 3738 1183 3790 Diocletiano
1196 3738 1241 3788 im·

89 3816 154 3860 tete
181 3808 298 3870 Legione
323 3810 391 3860 med.
412 3809 516 3862 sec.lV
537 3825 551 3859 1
576 3817 649 3876 petre
693 3817 799 3876 perunte
824 3809 1048 3860 comburebantur.
1081 3807 1172 3858 Fuisse
1196 3823 1241 3857 eos

89 3877 227 3930 Marcello
238 3878 386 3929 centurione
398 3880 522 3929 oriundos
535 3887 560 3928 ct
573 3879 650 3929 Cale·
693 3878 862 3929 oireconerios
886 3894 931 3928 scu
957 3876 1114 3943 legionarios
1134 3877 1238 3938 milites,

88 3947 173 4010 gur-ri
201 3946 274 4004 (coll.
295 3946 315 4011 l,
338 3948 397 4011 116,
420 3949 467 3998 ill
493 3955 520 3998 et
541 3945 585 4012 lV,
604 3947 650 4010 31)
691 3947 870 3998 1341111ιί1.
898 3947 953 3997 Gir.
973 3944 1239 3998 Buron.Ann.T.lll.

88 4016 246 4067 Vasconum
259 4031 318 4067 esee
330 4032 420 4082 pessos
435 4017 576 4068 tradentes.
593 4016 647 4066 Cir.
693 4016 854 4080 1111325,
870 4030 894 4068 n.
905 4017 964 4067 206.
986 4015 1014 4066 ln
1029 4015 1121 4066 Ollicio
1135 4013 1237 4079 proprio

87 4085 193 4148 Eulog.
213 4099 320 4136 memor.
339 4086 517 4149 11111112,
539 4084 647 4148 Gregor.
693 4083 739 4137 SS.
760 4083 929 4151 Hispanorum
951 4085 1029 4136 sicuti
1051 4084 1077 4134 io
1099 4080 1235 4148 Martyrol.

90 4153 203 4206 Turon.
219 4153 250 4214 de
263 4154 329 4218 glor.
343 4163 422 4206 mart.
438 4155 457 4219 l,
473 4155 516 4218 93,
531 4155 648 4205 Bolland.
693 4152 763 4205 Rom.
780 4154 804 4204 d.
819 4155 835 4206 3
848 4152 935 4207 Martii
952 4169 1039 4205 eornm
1052 4151 1175 4202 memorie
1196 4164 1238 4201 ee-

85 4225 116 4276 11
132 4225 195 4275 ΛΑ.
210 4220 258 4273 SS.
279 4224 311 4273 ed
332 4223 471 4288 11111111,
492 4223 561 4274 flisc.
576 4223 647 4290 llisp.
691 4223 819 4274 lebrntur.

87 4308 168 4345 secr.
185 4291 260 4344 Tem.
274 4291 401 4360 xxxiii,
416 4294 509 4360 puto,
524 4291 648 4354 xit-xiv,
