3046 4830
639 260 715 313 ΑΗΒ.
731 259 912 314 ruuourtru
928 263 1030 316 otuu.

530 449 567 510 de
583 449 661 510 solio
675 445 779 511 Petris
795 451 923 513 artilicis

529 546 591 606 vim
607 545 742 620 liquidae
758 547 887 608 rationis
903 547 1005 607 habet.

572 639 703 704 Viscera
719 646 840 703 mortua
855 643 929 718 quin
945 644 1039 704 etiam

529 741 600 814 post
615 738 731 798 obitum
747 751 892 813 reparare
908 739 1010 814 datur,

530 849 608 911 eque
623 835 690 896 stiis
706 835 817 897 iterum
833 835 962 896 tumulis

530 933 634 1008 prisea
649 931 826 992 renascitur
840 929 961 1005 eliigies

526 1027 674 1102 pulvereo
690 1029 821 1086 coeunte
837 1025 911 1086 situ.

575 1114 676 1181 Credo
692 1119 845 1194 equidem,
864 1132 964 1193 neque
981 1133 1062 1180 vana
1078 1119 1165 1196 tides,

531 1227 661 1288 corpora
675 1212 782 1274 vivere
798 1227 882 1274 more
898 1213 1037 1274 animae:

529 1320 601 1366 nam
617 1306 707 1365 modo
726 1319 907 1382 corporeum
926 1305 1049 1366 memini

529 1400 567 1460 de
580 1397 805 1476 Phlegethonte
821 1400 920 1476 gradu
936 1401 1020 1461 iacili

529 1497 565 1556 ad
583 1511 712 1572 superos
728 1511 884 1557 remeasse
899 1493 1012 1557 Deum.

573 1586 651 1666 Sues
667 1592 774 1653 eadem
789 1605 859 1652 mea
874 1591 1011 1652 membra
1028 1595 1141 1667 manet,

529 1700 609 1760 quae
624 1686 793 1747 redolentia
810 1686 939 1748 funereo

530 1782 617 1843 iussa
634 1784 794 1858 quiescere
810 1783 1001 1859 sarcophago

531 1877 593 1939 dux
609 1879 700 1954 parili
716 1878 873 1941 redivivus
890 1879 983 1940 humo
1033 1878 1035 1882 ’

527 1971 620 2047 ignea
636 1966 783 2033 Christus
800 1972 837 2033 ad
853 1976 938 2033 astra
953 1976 1055 2034 vocat.

630 2194 673 2247 lv.
694 2193 830 2246 uiduus
846 2193 931 2245 POST
946 2193 1057 2246 cibun.

530 2327 635 2392 Pastis
650 2333 824 2394 visceribus
840 2333 971 2408 ciboque
985 2336 1119 2409 sumpto,

489 2439 579 2500 qoem
594 2427 647 2486 lex
663 2427 802 2502 corporis
818 2426 960 2488 inbecilla
975 2427 1087 2502 noscit,

488 2519 609 2582 laudem
625 2521 733 2596 lingua
748 2519 814 2582 Deo
829 2521 910 2597 patri
926 2520 1091 2596 rependam

529 2613 629 2691 Patri,
648 2617 700 2691 qui
718 2611 875 2678 Cherubin
892 2616 988 2677 sedile
1004 2628 1141 2690 sacrum,

282 2717 296 2764 5
490 2724 547 2770 nec
562 2724 624 2772 non
640 2713 671 2770 et
687 2705 839 2786 Seraphin
854 2724 945 2772 suum
962 2722 1106 2785 supremo

487 2806 641 2867 subnixus
657 2807 735 2867 solio
749 2811 835 2868 tenet
849 2807 1004 2882 regitque.

532 2896 591 2959 llic
607 2902 666 2976 est,
684 2913 775 2974 quem
788 2897 922 2961 Sabaoth
939 2897 1040 2961 Deum
1054 2911 1215 2974 vocamus,

351 3060 408 3110 193.
428 3061 519 3126 Aeque
531 3064 568 3126 A,
586 3063 673 3130 utque
686 3079 716 3126 a,
736 3063 827 3130 Deque
839 3061 915 3113 Febr.
931 3060 1006 3126 Gis.;
1037 3067 1142 3116 iturum
1155 3081 1186 3130 p3
1217 3064 1333 3114 catenulis
1345 3064 1405 3116 hit.

279 3127 363 3193 Lugd.
487 3131 543 3182 iso.
565 3133 671 3196 quidem
684 3129 742 3183 flet.
876 3132 935 3182 nbi.
953 3133 1051 3198 parilis
1064 3132 1085 3184 0
1098 3133 1177 3184 Laur.
1193 3149 1207 3200 p
1221 3149 1238 3183 n
1247 3133 1304 3184 nid.
1320 3131 1406 3198 nuga.

279 3199 426 3319 ἓίἰξὴοῗὲἰ
438 3199 630 3319 {ibenheim
661 3203 739 3251 honio
754 3200 889 3252 iALeur.
910 3200 967 3251 rut.
984 3203 1014 3251 li
1034 3219 1078 3268 pu
1090 3203 1147 3253 Ald.
1164 3204 1246 3266 Lngd.
1267 3201 1336 3254 sien.
1352 3211 1408 3255 tres

346 3409 372 3456 4.
393 3407 418 3456 5.
446 3408 578 3458 Cherubin
588 3445 594 3457 .
604 3446 610 3458 .
622 3441 629 3458 .
641 3407 776 3474 Seraphin
788 3407 810 3458 Α
822 3407 880 3457 Put.
896 3425 912 3456 o
926 3423 939 3458 a
954 3423 968 3456 o
981 3423 996 3473 p
1009 3425 1024 3458 u
1044 3407 1122 3458 Cher.
1138 3406 1219 3458 Poett.
1234 3407 1321 3457 lleios.
1337 3407 1407 3458 Cell.

278 3475 343 3526 obi.
359 3474 478 3542 [quartus
491 3490 566 3527 casus
578 3484 627 3540 est,
643 3493 689 3528 non
704 3491 762 3540 gen.
778 3477 915 3527 seeundum
927 3477 1071 3527 versionem
1086 3477 1149 3527 Teio
1162 3471 1194 3540 e'‚
1217 3478 1268 3526 vid.
1285 3475 1346 3525 lsai.
1361 3475 1406 3540 Vl,

278 3544 322 3610 2],
357 3545 670 3613 Cherubin...Serophinn
688 3543 764 3596 Febr.
779 3545 852 3611 Gis,
885 3545 1208 3611 Cherubim...Senephe'm
1227 3546 1305 3595 inid.
1321 3544 1405 3608 Lngd.

278 3614 348 3662 sien.
363 3620 417 3664 tres
430 3613 525 3664 Weitz.
542 3615 636 3664 Amstr.
652 3614 731 3665 Aren.
778 3637 780 3642 ·
877 3617 902 3664 t.
923 3616 1043 3665 Sabaoth
1058 3614 1079 3663 Α
1092 3615 1100 3663 i
1116 3631 1157 3678 pu
1171 3615 1241 3665 Sieh.
1255 3623 1310 3665 tres
1323 3613 1406 3666 Chor.

277 3681 361 3732 Poett.
377 3684 470 3731 hmstr.
485 3682 562 3733 hren.
578 3683 655 3748 bib,
669 3684 785 3734 sabaoh-t
797 3699 823 3746 α,
838 3684 953 3734 sehahot
965 3698 989 3739 a.
1004 3685 1123 3734 rehobot
1134 3699 1222 3750 regem
1236 3697 1368 3736 uocemue
1381 3699 1406 3746 o,

277 3751 397 3802 Zeheoth
412 3751 468 3800 ΑΜ.
485 3751 576 3816 Lugd,
592 3753 718 3803 Zehooth
732 3751 807 3804 Febr.
823 3751 877 3803 Gis.
892 3751 981 3803 Heius.
997 3750 1063 3801 Cell.

330 3889 388 3938 197.
403 3887 500 3955 evicere]
508 3893 615 3940 tristare
624 3905 679 3939 esse
689 3889 816 3954 enallage.
861 3905 934 3954 quem
948 3890 973 3940 io
987 3889 1144 3940 catacumbis
1157 3888 1269 3938 eiusdem
1281 3891 1408 3954 temporis

331 3957 388 4007 lea.
404 3956 608 4024 Phlegethonte]
634 3957 688 4008 Non
715 3959 817 4008 limbum
861 3959 942 4008 adhue
956 3958 1136 4024 superstitibus
1149 3957 1237 4008 videre
1250 3957 1322 4006 lieet.
1351 3956 1407 4008 Non

277 4034 385 4094 petrum,
401 4026 530 4077 otCham.
550 4028 678 4091 opinatur:
699 4027 745 4076 sed
764 4035 819 4076 tar-
859 4028 941 4091 igilur
961 4029 1030 4077 ercis
1044 4029 1083 4077 vel
1101 4027 1175 4077 cistis
1192 4041 1300 4092 corpora
1313 4028 1408 4077 eonde·

275 4104 358 4147 terum
377 4095 532 4159 significari,
560 4097 624 4145 setis
644 4095 820 4147 demonstrant
860 4097 930 4161 hant,
946 4097 991 4148 sed
1004 4097 1076 4146 eevis
1088 4098 1147 4147 vivo
1160 4108 1222 4148 sexo
1232 4095 1274 4145 vel
1287 4096 1408 4146 solidiori

277 4165 308 4214 li.
320 4165 379 4226 827,
395 4167 421 4215 S.
437 4164 457 4227 l,
473 4166 531 4228 381,
551 4162 672 4214 Middeld.
689 4180 712 4230 p.
723 4165 780 4214 184.
860 4172 946 4216 terrae
960 4167 1060 4216 incisis.
1079 4165 1150 4231 Quae
1164 4164 1265 4230 quidem
1279 4179 1362 4230 aeque
1376 4179 1409 4216 ee

329 4234 388 4283 aba.
407 4230 590 4299 sarcophago]
615 4233 816 4284 Christianorum
859 4235 920 4287 illae
933 4236 1082 4301 sarcophagi
1102 4235 1280 4297 nominentur,
1295 4249 1407 4300 corpore

229 4310 233 4317 “
276 4302 416 4368 sepeliendi
435 4317 488 4352 mos
505 4303 590 4352 seculo
608 4303 695 4368 quinio
715 4310 772 4354 erat
784 4304 816 4368 is,
859 4305 952 4372 quippe
966 4304 1129 4355 devorantes.
