3016 4832
640 292 716 344 auli.
732 291 912 344 ΡΙΙΙΙΙΙΙΙΝΤΙΙ
926 293 1026 346 cuba.

445 485 520 543 tunc
536 481 628 541 allent
642 481 729 542 cultu
744 483 846 544 nobile
860 483 999 559 regitino,

366 578 535 654 parietibus
552 578 670 640 celsum
685 578 870 640 sublimibus
884 584 979 655 atque
995 581 1128 656 superba

447 673 609 733 maiestate
623 677 733 748 potens
750 674 992 750 muneribusque
1007 675 1148 750 opulens.

368 764 453 830 Ordo
469 767 702 841 columpnarum
718 767 862 841 geminus
880 767 1039 843 laquearia
1055 769 1128 828 tecti

282 877 331 927 aab
448 864 586 944 sustinet
600 863 720 923 auratis
736 864 917 938 suppositus
933 865 1086 926 trabibus.

368 960 534 1020 Auuuntur
548 959 684 1032 graciles
700 963 782 1019 tecto
797 959 939 1021 breviore
955 975 1111 1036 recessus,

448 1056 501 1129 qul
517 1055 649 1116 laterum
665 1055 778 1115 seriem
793 1055 910 1131 iugiter
926 1057 1105 1118 exsinuent.

372 1149 416 1210 At
432 1149 549 1208 meaios
564 1147 664 1222 aperit
678 1151 800 1209 tractus
817 1150 866 1208 via
883 1149 977 1210 latior
991 1150 1047 1210 alli

449 1243 593 1306 culminis
609 1258 768 1318 exurgens
783 1245 913 1306 cultiore
928 1246 1027 1320 apice.

282 1353 331 1402 aas
367 1337 482 1401 Fronte
498 1340 555 1400 sub
571 1340 702 1400 adversa
717 1341 868 1414 grauibus
884 1342 1017 1404 sublime
1032 1342 1168 1404 tribuual

448 1434 581 1509 tollitur,
600 1435 733 1496 antistes
748 1435 908 1510 praeuicat
922 1437 1005 1498 unue
1020 1434 1131 1498 Deum.

370 1528 466 1592 Plena
483 1530 659 1591 laborantes
675 1544 770 1605 aegre
784 1531 895 1594 domus
910 1533 1024 1608 accipit
1038 1535 1138 1594 unitas

448 1626 578 1698 artaque
594 1624 743 1684 consertis
759 1626 929 1685 aestuatio
946 1625 1077 1702 loribus,

370 1721 543 1778 maternum
560 1719 698 1791 pamlens
713 1721 878 1794 gremium,
897 1734 958 1794 quo
974 1721 1087 1781 condat
1102 1718 1265 1795 alumpnos

284 1825 334 1873 tao
450 1825 486 1869 ac
503 1810 608 1871 lovcal
623 1810 704 1871 letos
719 1813 914 1873 accumulata
930 1813 1030 1874 sinus.

369 1900 403 1966 Si
420 1905 496 1964 bene
512 1904 709 1979 commemini,
728 1905 803 1966 colit
817 1906 900 1967 bunc
915 1908 1102 1983 pulcerrima
1117 1903 1217 1968 Roma

450 2000 553 2060 iuibus
570 1999 707 2075 Augusti
723 2003 852 2077 mensis,
871 2006 907 2064 ut
922 2003 988 2079 ipsa
1004 2007 1095 2063 vocnt

370 2099 473 2175 prisco
490 2111 576 2156 more
592 2098 683 2172 ulem,
702 2112 793 2172 quem
809 2103 840 2159 te
855 2113 989 2174 quoque,
1009 2102 1116 2160 sancte
1133 2099 1294 2174 magister,

450 2205 554 2251 annua
570 2191 652 2252 testa
666 2192 749 2253 inter
764 2193 961 2256 dinumerare
975 2193 1081 2254 velim.

286 2299 336 2348 aas
375 2281 487 2361 Graue,
505 2286 694 2360 salutigeros
712 2288 791 2347 leret
806 2288 856 2349 bic
871 2288 1092 2348 venerantibus
1108 2292 1195 2350 ortus

450 2381 530 2442 lucis
546 2381 716 2443 honoratae
731 2383 868 2456 praemia
883 2385 1065 2444 restituens.

371 2476 457 2542 luter
473 2478 658 2553 sollempnes
675 2473 827 2553 Cypriani
842 2480 892 2540 vel
909 2474 1071 2541 Cbclilloui

452 2573 658 2650 Eulaliaeque
673 2576 738 2636 oles
755 2580 862 2638 currat
876 2581 907 2637 et
923 2578 982 2638 iste
997 2578 1064 2638 tibi.

373 2670 426 2735 Sic
441 2677 472 2733 te
488 2685 543 2746 pro
559 2671 682 2747 populo,
701 2673 791 2735 cuius
807 2675 861 2735 tlbi
878 2674 995 2735 creilita
1012 2675 1076 2734 vita
1091 2678 1150 2748 est,

287 2785 337 2834 240
452 2773 593 2830 orantem
610 2765 756 2830 Christus
772 2769 879 2830 auolat
894 2769 1105 2844 omnipotens:

373 2865 418 2924 sic
434 2863 489 2922 tibi
506 2863 543 2920 uc
557 2862 648 2937 pleno
664 2863 756 2938 lupus
772 2862 956 2923 excludatur
971 2863 1058 2938 ovili,

453 2971 534 3032 agna
550 2971 607 3016 uec
623 2957 687 3017 ulla
702 2959 791 3017 tuum
808 2959 896 3033 capta
912 2971 1038 3032 gregem
1055 2958 1186 3018 minuat.

373 3049 425 3116 Sic
441 3067 490 3112 me
505 3053 665 3128 gramineo
681 3055 892 3113 remanentem
908 3052 1041 3128 [lenique¹
1055 3067 1163 3127 campo

453 3146 582 3207 seuulus
598 3150 755 3221 aegrotam
772 3150 880 3220 pastor
894 3160 982 3207 ovem
998 3147 1128 3207 referas.

357 3295 417 3344 216.
433 3293 535 3342 cultram
547 3293 578 3340 A.
708 3291 767 3340 tii.
787 3289 928 3341 Audenter
940 3306 963 3356 p.
1077 3290 1135 3340 222.
1155 3296 1306 3342 entanucnt
1320 3307 1335 3358 p
1349 3293 1417 3342 stet.

290 3365 309 3415 ΙΙ
325 3362 377 3425 ΙΙΙ,
396 3366 527 3412 asinaeus
540 3361 608 3410 Sici.
627 3360 645 3423 i,
665 3364 787 3410 eminient
801 3359 895 3420 Faus,
915 3363 1048 3410 eaaima‘ent
1059 3357 1112 3409 Gis.
1132 3359 1164 3408 ad
1178 3375 1250 3410 oram
1265 3376 1298 3411 ex
1312 3377 1375 3412 msa.

335 3432 395 3483 223.
416 3437 522 3481 tractus
533 3430 664 3480 uiolatior
676 3443 700 3492 q.
834 3427 894 3477 228.
914 3432 1044 3479 consertis
1058 3427 1083 3476 h.
1211 3429 1270 3478 229.
1294 3431 1418 3481 Materna
1491 3423 1492 3466 Ι

287 3500 411 3568 pandens
422 3503 527 3565 gremio
546 3514 592 3547 cau
606 3500 641 3560 A3
661 3497 757 3547 condit
773 3497 880 3559 Parrbq
900 3499 1010 3547 alamno
1028 3496 1097 3546 Sich.
1113 3496 1134 3548 ΙΙ
1150 3496 1181 3546 ΙΙΙ
1203 3501 1264 3562 (non
1280 3498 1314 3554 Ι).

358 3569 417 3620 230.
430 3571 528 3633 foetus
541 3565 616 3628 Prag.
632 3581 736 3631 asupra
749 3581 794 3631 pro
806 3566 856 3616 div.
871 3567 931 3616 lect.
947 3567 961 3615 b
977 3566 1066 3631 (supra
1078 3566 1091 3616 Ι
1103 3565 1143 3628 ns)
1157 3582 1178 3616 ua
1190 3583 1206 3616 u
1220 3566 1277 3618 Gis.
1293 3569 1326 3618 ad
1338 3583 1419 3622 oran.

283 3641 371 3706 foetis
392 3640 446 3703 la3
471 3641 547 3686 sinus
567 3650 643 3701 supra
662 3637 748 3686 iarios
767 3651 797 3697 a,
818 3651 881 3684 suos
898 3653 914 3684 u
935 3634 989 3686 Gis.
1010 3635 1042 3684 ad
1061 3650 1140 3685 oram.
1271 3637 1334 3688 232.
1365 3643 1420 3702 ipsa

293 3707 372 3758 illac.
467 3706 527 3755 235.
547 3706 591 3754 laic
604 3707 745 3754 orantibus
758 3721 789 3766 u3
809 3721 893 3754 annos
907 3703 961 3754 Gis.
977 3704 1009 3754 ad
1023 3719 1102 3754 oram.
1202 3705 1263 3756 237.
1280 3707 1423 3757 Chelidoni

291 3790 354 3842 qap
367 3775 425 3825 Alb.
441 3774 522 3837 bugu.
537 3772 592 3824 Gis.
608 3777 705 3824 Amstr.
720 3773 808 3824 Heius.
824 3773 912 3823 Ciam.
927 3773 992 3823 eall.
1008 3772 1086 3831 0bb.‚
1109 3773 1267 3824 Cnaledona'a'
1278 3775 1373 3826 Sicini
1387 3772 1419 3824 ΙΙΙ
1490 3795 1491 3846 3

290 3845 366 3896 Febr.
383 3843 460 3893 Cbor.
475 3843 576 3906 Paeti,
598 3843 750 3894 Chelidonii
761 3842 830 3893 Sici.
846 3841 865 3890 ΙΙ
874 3880 882 3904 ,
905 3843 1051 3892 Cielcdom'
1063 3842 1178 3905 Weiss,
1199 3843 1329 3894 Caledoni
1341 3845 1357 3894 b
1371 3856 1421 3906 laq

290 3915 381 3975 brev„
402 3912 542 3963 Caledonia·
555 3911 633 3961 Laur.
648 3929 673 3962 u.
773 3912 831 3962 238.
851 3915 905 3961 ieta
919 3911 947 3960 lt.
1062 3912 1120 3962 239.
1142 3911 1321 3964 numantia.
1337 3912 1419 3973 tuga.

291 3984 424 4034 Sici.tras
438 3980 514 4030 Cher.
530 3979 614 4030 Poett.
629 3982 722 4032 Amata.
828 3980 888 4030 tlt.
908 3986 991 4046 rapta
1005 3983 1072 4030 coni.
1087 3980 1173 4030 Barth.

290 4119 442 4171 Anastasius
457 4117 521 4168 tibi.
540 4119 564 4166 in
579 4117 707 4168 Hadriano
722 4117 747 4167 l:
768 4118 832 4178 „si-
875 4119 977 4166 vavit.“
1005 4115 1097 4168 Mirum
1110 4125 1205 4179 antem,
1219 4119 1285 4182 quoa
1301 4120 1372 4168 iatar
1385 4125 1420 4166 lat

291 4190 343 4240 mul
374 4196 400 4236 et
431 4186 609 4236 coemeterium
643 4187 669 4234 B.
700 4186 831 4254 Hippolyti
875 4187 957 4236 nimae
983 4184 1057 4236 Urbis
1081 4187 1208 4238 ecclesias
1232 4185 1258 4236 S.
1286 4185 1419 4253 Hippolyti

291 4258 413 4323 martyris
432 4259 513 4304 inacta
527 4254 553 4303 S.
568 4253 747 4317 Laurentium,
765 4256 831 4320 quod
873 4255 962 4306 titulus
976 4256 1058 4305 adbuc
1072 4263 1153 4307 restat
1166 4256 1263 4308 aulius.

291 4341 306 4374 a
320 4324 412 4390 priscis
422 4332 566 4373 marcuerat
576 4321 741 4388 temporibus,
757 4339 831 4374 rano-
