2994 4826
511 299 778 356 rstedottdctttd.
798 337 800 342 ,

170 487 368 564 ,1777677177
388 491 515 566 sauctae
530 503 610 565 quae
625 489 887 571 circumsepserat
901 490 988 552 uritis
1077 547 1079 554 ,

170 581 365 656 „indigenas
381 581 527 658 ferroque
543 584 629 645 viros
645 584 829 660 dammaque
843 585 1012 660 premebat.

170 671 330 752 „Publica
344 675 398 736 sed
413 677 538 750 requies
553 679 683 752 privatis
697 693 773 740 rure
790 679 919 753 toroque
985 745 988 750 ,
1092 745 1094 752 ,
1161 693 1210 743 aas

168 775 322 847 „constat
338 771 501 834 amicitiis:
520 773 661 834 scissura
678 772 845 834 domestica
861 775 968 836 turbat

170 881 267 943 „rem
283 867 388 942 populi
403 868 685 944 titubatqucloris‚
703 868 784 942 quod
801 868 931 930 dissidet
946 869 1042 932 intus.

170 957 285 1036 „Ergo
301 965 408 1022 cavete
424 961 495 1033 virt,
515 977 554 1022 dc
570 962 612 1028 sit
626 962 781 1024 sententia
798 962 917 1024 discors

135 1066 138 1071 ·
170 1055 342 1131 „seusiltus
358 1057 389 1116 in
406 1058 535 1132 uostris,
554 1072 594 1117 uc
609 1061 695 1118 secta
710 1058 833 1122 exotica
850 1059 943 1119 tectis

171 1151 494 1225 „nascaturcodiiata
510 1151 601 1226 odiis,
621 1152 694 1226 quie
709 1153 785 1213 lissa
800 1153 946 1230 voluutas
1160 1165 1209 1216 roo
1244 1209 1246 1212 .

171 1244 361 1319 „couiuudit
376 1246 473 1307 variis
489 1259 604 1319 arcada
620 1247 763 1308 titormia
779 1248 877 1310 libris.

171 1336 289 1419 „Quod
305 1341 455 1417 sapimus,
466 1339 645 1417 'coniungat
661 1356 765 1404 amor:
783 1340 865 1428 quod
880 1345 1028 1421 vivimus,
1047 1360 1110 1407 uuo

171 1436 357 1512 „conspiret
373 1437 492 1498 studio:
511 1437 554 1506 uil
570 1437 768 1498 dissociabile
784 1439 904 1500 iirmum
923 1443 982 1500 cst.
1015 1455 1017 1460 ¹

169 1526 303 1606 „thue
317 1530 435 1592 homiui
451 1534 544 1606 atque
559 1527 626 1592 Deo
641 1530 761 1592 medius
776 1532 946 1594 intervenit
960 1530 1063 1610 Iesus,

170 1626 250 1702 „qui
267 1625 367 1686 sociat
381 1626 512 1688 mortale
527 1623 627 1701 Patri,
645 1639 685 1686 ne
701 1640 814 1688 carnea
830 1627 947 1690 distem
975 1681 978 1686 .
1160 1639 1209 1690 rot

170 1725 323 1801 „spiritui
338 1729 476 1801 aeterno,
495 1725 597 1800 sitque
613 1727 649 1786 ut
663 1721 750 1787 Deus
767 1740 849 1788 uuus
865 1729 1051 1802 utrumque:

171 1816 266 1898 ‚‚Sic,
283 1821 430 1896 quidquid
446 1821 591 1896 gerimus¹
603 1810 778 1897 mentisque
792 1825 824 1884 et
839 1823 979 1897 corporis
995 1826 1079 1898 actu,

166 1916 328 1992 „spiritus
345 1915 500 1976 unimodis
516 1909 810 1992 texateouqagitus
826 1930 921 1979 uuus.

170 2005 266 2086 „Pax
280 2010 405 2084 plenum
419 2009 548 2071 virtutis
564 2023 654 2086 opus,
673 2025 735 2086 qax
752 2024 875 2073 summa
889 2010 1042 2086 latrorum,

169 2119 257 2182 „qax
274 2105 345 2166 belli
360 2105 463 2166 exacti
479 2105 612 2180 pretium
629 2110 682 2186 cst
693 2107 888 2184 pretiumque
902 2106 1029 2182 pericli:
1160 2117 1209 2168 777

170 2197 301 2274 ,,716777
317 2213 392 2273 qaae
406 2199 527 2274 vigent,
543 2196 723 2260 consistunt
738 2204 841 2262 terrea
857 2214 944 2275 pace.
1024 2281 1026 2286 Ι

168 2288 252 2369 „Nil
266 2291 414 2368 placitum
429 2293 498 2354 siue
512 2308 588 2369 qace
602 2292 688 2358 Deo:
707 2310 769 2357 uon
784 2309 898 2358 munus
914 2293 952 2354 ad
968 2307 1053 2354 aram

169 2400 268 2462 „cum
284 2386 391 2462 cupias
407 2386 531 2464 offerre,
549 2388 669 2464 prodat,
689 2390 715 2450 si
731 2388 856 2450 turbida
872 2389 1001 2449 tratrem

170 2491 285 2555 „meus
300 2479 434 2556 inpacati
450 2481 508 2542 sub
524 2481 660 2555 pectoris
677 2481 777 2542 oderit
792 2484 904 2543 antro:
961 2507 964 2514 ·
999 2543 1001 2547 ,
1053 2497 1055 2500 ·

168 2586 253 2648 „uec
269 2573 297 2634 si
312 2573 524 2637 flammicomis
540 2570 660 2637 Christi
675 2589 730 2650 pro
745 2577 871 2636 domiue
886 2579 1008 2652 martyr
1053 2619 1056 2628 .
1160 2588 1208 2638 775

169 2665 323 2742 „ignibus
339 2667 460 2728 insilias
477 2681 608 2760 servans
624 2669 791 2730 inamabile
806 2672 916 2730 votum
1011 2693 1015 2705 ·

168 2759 257 2836 „ltile
272 2762 331 2822 sub
346 2763 482 2840 obliqua,
499 2763 668 2840 pretiosam
683 2764 824 2840 proderit
838 2761 910 2827 lesu

167 2856 374 2932 „inpendisse
390 2859 543 2922 animam:
563 2859 667 2922 meriti
684 2860 758 2936 quia
773 2860 915 2922 clausula
930 2873 992 2936 pax
1008 2862 1067 2920 est.
1116 2937 1118 2944 Ι

147 3011 210 3061 753.
228 3018 339 3062 ranetam
352 3013 399 3078 ig.
526 3015 586 3065 756.
605 3014 685 3065 retr.
699 3017 756 3064 iam
769 3018 874 3080 requies
893 3013 968 3064 iuti.
1005 3044 1008 3054 ι
1086 3013 1146 3064 768.
1166 3029 1211 3062 co-

76 3085 139 3130 ccio
159 3096 188 3130 α.
296 3082 354 3132 759.
374 3085 473 3132 uestris
492 3082 675 3146 7111711776.
696 3083 830 3134 Sieh.tres
852 3081 929 3142 Fahr.
953 3080 1007 3133 Gis.
1028 3081 1143 3145 Amstr.;
1162 3097 1211 3132 7777

75 3165 112 3200 m.
223 3149 281 3201 766.
307 3165 375 3214 quoe
394 3149 551 3214 amicali,
571 3149 715 3217 sucaiT,
737 3155 826 3209 ,776777
844 3151 909 3216 Aug.
930 3150 988 3202 Eri.
1007 3155 1028 3202 6
1045 3151 1104 3202 Α16.
1125 3149 1208 3215 Lugd.

76 3217 151 3268 sict.
162 3224 218 3267 1777
232 3215 311 3268 Febr.
327 3217 384 3270 Gis.
398 3218 474 3269 Chor.
490 3219 573 3270 Poett.
589 3223 702 3285 6777717,
723 3224 839 3285 771777,
857 3221 959 3272 767771.
1089 3218 1149 3270 761.
1168 3219 1210 3269 In·

67 3286 177 3352 [77611
187 3285 224 3337 W
236 3288 267 3336 76
281 3302 361 3351 oram,
382 3287 538 3353 Consuadet
551 3285 599 3339 21.“
724 3289 784 3340 762.
803 3292 960 3340 7771777171
970 3287 1028 3340 uri.
1042 3285 1140 3340 Waltz.

148 3355 210 3406 763.
231 3356 381 3418 Coqfirmet
392 3358 456 3418 Aug.
470 3361 508 3420 θ,
530 3357 677 3425 0777176771
688 3357 706 3408 i.
847 3359 906 3410 764.
926 3359 1015 3421 Atque
1028 3357 1099 3407 67777.
1115 3355 1208 3419 17716,

73 3421 256 3490 gononum,
275 3425 394 3475 medium
405 3424 561 3489 Aldegd.
681 3427 740 3478 765.
754 3443 803 3477 nee
815 3426 834 3476 1.
957 3426 1016 3476 767.
1036 3423 1069 3477 Si
1080 3441 1106 3489 g.

124 3493 186 3544 769.
215 3493 277 3543 Pax
292 3495 402 3560 plenum
420 3500 462 3545 771
474 3497 586 3545 uirtutis
600 3511 676 3560 opus.
697 3510 858 3560 summoque
872 3494 997 3546 7767777777
1009 3497 1030 3544 d
1040 3511 1050 3557 ;·
1061 3492 1209 3554 ‘summario

76 3562 133 3612 176.
150 3561 211 3614 flat.
228 3562 282 3627 (ap.
296 3561 375 3626 ott.)
463 3564 698 3628 770.queexe.g.
787 3565 971 3614 7711777777
984 3563 1002 3612 i.
1075 3563 1135 3614 772.
1148 3563 1209 3629 pla·

74 3631 169 3681 eidum
181 3635 204 3682 θ
218 3630 236 3680 Ι.
353 3631 413 3683 773.
430 3633 560 3697 77717716
574 3631 662 3684 Heius.
677 3633 764 3684 Citam.
780 3631 844 3682 Cell.
867 3629 955 3700 [lectio
968 3632 1024 3683 cod.
1039 3629 1060 3682 Τ
1073 3629 1210 3683 7111717711

76 3707 138 3750 nota
150 3699 246 3750 7711177
259 3698 325 3763 fugit
335 3698 495 3768 Obburium],
511 3702 629 3765 prodest
640 3719 671 3766 ς,
685 3707 725 3752 sii
737 3703 810 3752 17776.
825 3717 848 3750 o.
944 3702 1005 3752 775.
1013 3700 1210 3768 flammicomis

74 3769 136 3819 Ait.
150 3767 235 3832 Lugd.
249 3766 317 3818 Siclt.
327 3776 379 3819 tres
393 3769 470 3820 Clor.
486 3770 569 3820 Poett.
582 3773 679 3822 Amstr.
780 3771 844 3821 776.
862 3771 986 3821 7777771.
1074 3772 1133 3840 777.
1144 3784 1211 3837 pro·

76 3837 119 3888 dit
133 3841 145 3890 1
157 3853 193 3902 a,
208 3837 310 3903 prodet
321 3838 377 3902 2α,
394 3841 486 3904 prosit
496 3838 555 3890 liat.
568 3855 584 3888 7
597 3847 742 3892 correctore
753 3839 813 3890 sid.
828 3838 910 3903 uugi.
927 3837 1003 3890 Febr.

128 3975 191 4024 753.
207 3971 296 4042 777617]
321 3973 456 4026 1177171177
480 3975 506 4026 17
530 3976 624 4028 Aldine
668 3984 696 4026 ut
725 3975 776 4026 iam
802 3977 848 4027 alii
873 3976 1118 4028 animadverterunt.
1147 3973 1208 4025 Vid.

76 4043 231 4107 adnotavit,
250 4046 343 4094 77767777
355 4051 480 4096 sanetum
494 4045 535 4095 1717
549 4047 624 4097 intel·
668 4045 845 4096 Schleussuer.
862 4045 912 4095 lex.
925 4061 946 4096 s.
963 4062 986 4095 r.
1001 4038 1093 4100 πόλις.
1237 4107 1240 4114 ,

78 4111 122 4175 ligi
143 4111 265 4177 llomam,
284 4127 318 4163 ex
336 4129 386 4178 qud
404 4115 550 4165 universam
564 4115 624 4164 bar·
720 4113 912 4180 7777611777]
933 4115 1038 4178 dolosa,
1061 4119 1089 4162 ut
1106 4125 1207 4162 carmen

77 4180 176 4233 1777171
197 4183 357 4248 poeta-dicat
376 4183 487 4246 iugatum
505 4199 552 4234 scu
564 4199 624 4247 geu·
668 4184 806 4248 obliquum.
823 4184 891 4234 stat.
905 4183 968 4233 stiv.
980 4182 1000 4240 l,
1011 4182 1036 4245 2,
1050 4181 1081 4230 27
1098 4179 1212 4230 Cessent

78 4249 211 4302 1111171777.
239 4250 289 4300 Sed
303 4250 351 4302 717.
369 4251 397 4302 S.
412 4251 432 4315 1,
448 4254 457 4301 1
475 4268 530 4318 sqq.
551 4252 625 4304 teie—
667 4253 807 4309 meodaccs
837 4252 941 4318 obliqui
969 4253 1097 4302 carminis
1120 4252 1207 4298 77177.

76 4321 185 4370 rendum
198 4333 256 4370 voc.
271 4325 382 4372 sanctae
395 4323 426 4372 ad
438 4319 515 4373 Hebr.
529 4323 570 4388 12,
579 4321 623 4386 22,
669 4320 723 4372 Cir.
738 4322 758 4371 l.
775 4321 834 4372 Cor.
851 4322 891 4386 13,
906 4321 939 4385 3„
