3046 4830
236 267 278 329 94
611 261 687 314 nnn.
705 245 885 314 rnnnnnrn
899 258 999 311 cern.
1027 315 1029 320 ,

326 453 385 514 tris
402 450 533 526 iaciam,
550 450 652 511 tritus
668 450 716 512 nis
732 449 885 511 subsistat
900 448 952 508 sed
970 443 1056 510 Deus
1072 461 1166 511 nnus.

243 559 293 628 545
326 535 507 632 NecPater
521 543 588 619 1555
603 546 725 620 autem,
744 539 930 620 quirinus,
950 548 985 607 ut
1001 545 1073 618 quia
1090 549 1196 606 natum

328 641 445 702 seimus
462 640 499 698 air
516 639 635 716 innato,
652 653 727 700 vere
744 637 838 701 Pater
853 643 885 700 et
900 642 969 700 sata
984 654 1058 701 vere

328 737 371 798 sit
386 736 527 797 soboles:
546 749 602 796 nec
618 736 660 796 sit
674 734 799 810 genitor
815 733 874 794 sibi
886 732 972 794 iilius
989 733 1067 810 ipse,
1131 759 1148 795 ,-

328 830 394 890 sive
410 824 613 888 Paternatus
630 827 744 902 tuerit,
763 827 831 886 sive
846 826 913 900 ipse
928 828 1066 900 repente.

326 921 480 999 Perquam
496 924 661 985 ridiculum
678 926 726 983 est
742 925 772 982 et
788 921 888 998 iutiie,
906 925 1000 982 natus
1017 923 1051 982 ut
1066 936 1106 982 ex
1123 936 1157 981 se

242 1035 292 1084 555
326 1020 472 1083 nascendi
490 1033 571 1090 nora
585 1007 730 1079 materies
747 1033 782 1078 ac
799 1033 833 1079 se
849 1014 935 1078 Deus
952 1017 1035 1078 uitro

327 1115 459 1176 ediderit
475 1117 644 1188 natumque
660 1113 718 1173 sini
735 1127 769 1173 se
786 1113 896 1173 iecerit
910 1113 1023 1188 ipsum.

326 1207 382 1271 Nil
398 1208 511 1269 iaisum
527 1211 582 1268 ant
597 1207 729 1267 mendax
745 1207 850 1268 divina
865 1207 1018 1269 vocabula
1032 1208 1171 1283 tingunt.¹

328 1300 502 1383 Qui-Pater
517 1305 577 1376 est,
595 1302 753 1377 gignendo
768 1298 874 1379 Pater,
893 1306 959 1363 tum
974 1299 1075 1364 Filius
1092 1318 1131 1363 ex
1147 1303 1205 1363 hoc
1247 1303 1250 1310 ’

325 1394 437 1471 Filius,
457 1400 585 1457 auctore
601 1400 636 1456 ut
650 1395 777 1471 genitus
793 1397 874 1471 quod
891 1396 932 1456 sit
947 1392 1041 1458 Patre
1056 1411 1190 1472 summo,
1272 1433 1274 1438 -

242 1504 291 1553 555
324 1506 465 1553 summus
478 1491 586 1565 etipse
598 1494 713 1566 temen,
726 1507 783 1552 nec
795 1493 877 1552 enim
889 1493 992 1552 minor
1003 1496 1058 1552 aut
1067 1489 1163 1554 Patre
1175 1491 1291 1567 dispar.

328 1581 416 1646 Unde
431 1585 463 1644 in
479 1587 612 1657 utroque
628 1585 731 1659 operis
747 1586 847 1646 iorma
862 1584 1043 1662 indiscreta,
1062 1586 1123 1647 nisi
1140 1601 1261 1647 omnem

326 1677 389 1738 vim
407 1676 582 1736 maiestatis
598 1677 715 1750 patriae
730 1692 903 1753 generosus
920 1679 1048 1740 haberet

325 1769 426 1834 Filius
441 1771 534 1846 idque
549 1769 635 1832 Deus
651 1771 787 1846 genitor,
805 1771 886 1845 quod
901 1768 1013 1848 Filius,
1033 1771 1138 1832 esseti

392 1864 535 1943 Pergunt
551 1867 683 1929 ulterius
699 1871 890 1946 scrutantes,
909 1868 983 1943 quid
1000 1869 1041 1928 sit
1055 1868 1084 1929 id
1101 1868 1202 1942 ipsum

241 1974 291 2024 ato
324 1963 465 2038 gignere,
485 1963 512 2024 si
528 1963 575 2023 ias
593 1967 641 2023 est
654 1964 807 2025 humanos
823 1963 951 2024 tendere
966 1976 1097 2038 gressus

325 2057 478 2132 usquead
495 2060 662 2133 secretum,
681 2057 762 2132 quod
779 2061 918 2133 tempora
933 2062 1047 2119 cuneta
1061 2058 1189 2129 diesque

326 2153 486 2228 praevertt
501 2153 659 2228 antiquos,
676 2156 708 2213 et
722 2153 907 2228 principium
925 2167 1019 2228 super
1034 2153 1136 2228 ipsum

325 2247 439 2309 eminet
453 2235 495 2321 et,
514 2247 718 2321 quodcunque
733 2250 837 2323 potest
852 2247 942 2307 homo
959 2261 1119 2322 quaerere,
1139 2245 1265 2308 transit.

325 2336 405 2403 Cum
422 2341 464 2402 sit
479 2341 616 2402 difficilis
633 2341 682 2402 via
698 2352 828 2402 noscere
843 2342 1070 2418 principiorum

239 2447 289 2498 555
324 2435 454 2510 semina,
473 2436 524 2496 cni
540 2435 665 2497 dabitur
680 2436 804 2497 mortali
820 2436 996 2510 exquirere,
1016 2435 1162 2512 quidnam

325 2533 407 2595 ultra
422 2532 608 2607 principium
624 2531 710 2594 Deus
727 2533 849 2608 egerit?
871 2537 928 2594 ant
942 2547 1004 2608 quo
1020 2537 1110 2608 pacto

324 2627 457 2688 ediderit
472 2627 618 2701 veritum,
636 2627 716 2702 quod
732 2628 882 2704 principio
899 2633 985 2689 caret
1000 2629 1105 2689 omni?

324 2722 392 2784 Hoc
407 2722 507 2784 solum
524 2723 653 2798 scimus,
670 2724 750 2798 quod
766 2723 902 2786 traditur
917 2739 987 2785 esse
1002 2721 1114 2799 Deum,
1132 2737 1222 2800 quem

307 2894 365 2945 244.
396 2893 457 2945 Tris
470 2910 502 2945 ex
523 2912 540 2944 u
562 2894 620 2944 nin.
642 2893 724 2957 Lngd.
746 2893 861 2960 weita,
891 2895 1061 2962 Τ55555155.
1083 2894 1247 2960 (51155555
1270 2896 1370 2960 foetet

238 2961 313 3027 Prug.
425 2963 483 3014 241.
499 2964 605 3014 subolis
617 2962 639 3012 Α
651 2965 707 3028 (ap.
722 2961 810 3026 (ibo),
824 2964 925 3014 5515115
936 2963 959 3013 A
971 2965 1114 3026 (asserente
1127 2965 1188 3015 miti
1203 2963 1300 3029 leopio)
1315 2965 1336 3016 Ε
1350 2983 1368 3014 α

235 3033 295 3094 (555
310 3030 413 3094 baum).
531 3033 590 3082 248.
612 3032 674 3082 Sine
685 3037 848 3096 supernatus
857 3034 954 3098 suerit
963 3035 1018 3084 5115·
1028 3037 1086 3100 ipse
1098 3038 1206 3099 repente
1224 3031 1300 3096 rue,
1318 3036 1373 3085 5111

218 3105 293 3165 ipse
312 3099 362 3164 leg.
384 3100 757 3166 5115551555,5111511555
778 3101 858 3165 Bou,
884 3101 943 3152 lect.
963 3103 1033 3166 vulg.
1051 3103 1184 3152 5551155551
1202 3098 1299 3151 Weiss.
1329 3095 1369 3154 Ex

237 3169 332 3218 nostris
351 3170 427 3218 istum
450 3168 564 3220 ordinem
582 3175 689 3218 servant
706 3169 784 3219 Leur.
804 3170 1051 3235 5555155555.
1068 3171 1201 3220 Sieh.tres
1219 3169 1296 3220 Febr.
1311 3170 1369 3223 Gis.

236 3236 334 3288 Weitz.
353 3237 431 3288 Chen.
453 3237 534 3288 Poett.
554 3239 650 3287 dmstr.
665 3235 743 3301 uni,
764 3237 884 3288 Heinsius
896 3241 1015 3290 cumsuis
1029 3240 1145 3290 omnibus
1157 3239 1292 3306 praeponit
1305 3240 1367 3291 219,

236 3307 285 3357 248
300 3307 394 3371 511551
414 3323 487 3373 55555
506 3313 592 3373 putat:
613 3307 749 3370 Perquum
767 3307 911 3358 ridiculum
930 3313 1017 3357 55151
1031 3309 1130 3372 futile,
1151 3313 1234 3359 nutus
1250 3313 1282 3358 ut
1294 3325 1329 3358 ee:
1341 3326 1371 3360 55

236 3375 296 3424 Siue
313 3381 476 3440 supernatus
488 3377 585 3440 suerit
603 3375 669 3436 5161,
693 3378 750 3439 ipse
768 3382 878 3440 repente
902 3375 1040 3428 Nascende‘
1051 3393 1120 3427 nona
1132 3381 1280 3442 materies,
1300 3379 1369 3442 quod

235 3459 307 3509 erpr.
318 3443 385 3493 Celi.
396 3443 484 3493 Possis
495 3445 589 3494 eiiam:
600 3445 688 3493 515151
697 3446 754 3508 ipse
763 3444 1012 3509 repenteaneenti
1020 3462 1089 3496 nona
1100 3449 1226 3496 materies
1276 3447 1368 3498 Heius.

236 3513 357 3563 Ordinem
373 3513 535 3562 Heinsiunum
548 3520 684 3563 servante
697 3527 712 3562 e
726 3512 741 3562 i>
753 3514 832 3563 Arev.
959 3514 1020 3578 249.
1032 3514 1136 3580 futtile
1149 3513 1170 3563 E
1184 3514 1203 3563 it
1216 3513 1313 3565 Weitz.

304 3581 363 3630 252.
385 3580 448 3631 Ν16
463 3597 477 3646 q
491 3582 557 3630 haud
570 3581 646 3631 maie.
768 3582 827 3631 254.
849 3587 881 3630 ut
893 3597 942 3632 om.
958 3582 1015 3632 rut.
1030 3583 1118 3633 115155.
1133 3589 1193 3636 1555
1203 3582 1300 3646 Ceil.);
1320 3589 1372 3648 que¹

234 3665 266 3700 en
280 3649 381 3699 11515511
394 3649 542 3700 coniectura
554 3649 637 3713 Ceil.;
656 3652 682 3699 55·
692 3663 715 3698 5.
750 3648 776 3699 15
796 3649 846 3700 fine
860 3651 910 3700 253
931 3652 998 3701 maie
1012 3645 1105 3718 puncto
1126 3651 1287 3714 distinguunt
1305 3653 1367 3703 nid.

236 3718 317 3780 Lugd.
333 3719 539 3786 interpunctione
558 3725 617 3783 5551
634 3733 738 3767 summo
752 3719 880 3782 neglecta.
1019 3722 1079 3770 257.
1099 3737 1243 3784 generosus
1251 3725 1370 3786 5515155

233 3802 256 3836 m
270 3784 367 3837 Weitz'.
382 3788 502 3837 mendose
515 3787 644 3837 ordinant.
815 3788 874 3838 258.
895 3785 991 3838 Contra
1005 3790 1190 3839 sententiarum
1204 3803 1296 3840 nexum
1309 3797 1370 3856 post

233 3860 301 3904 55551
313 3863 404 3920 555515
419 3857 580 3920 distinguunt
591 3853 649 3904 Art.
664 3851 745 3918 Lugd.
758 3855 837 3906 sici.
847 3863 900 3909 tres
912 3855 991 3908 retr.
1005 3855 1059 3908 Gis.
1074 3857 1173 3911 Weite.
1187 3857 1264 3908 Cher.
1280 3859 1367 3909 Poett.

232 3925 328 3974 Amstr.
434 3924 494 3974 259.
510 3921 698 3989 5555111155
712 3937 736 3988 5.
836 3924 894 3974 260.
907 3921 1195 3992 5555555ΑΕο1555
1209 3927 1368 3992 discrepanti

230 3993 333 4057 script.)
346 3992 366 4043 P
380 3993 617 4056 5155555555555,
633 3992 698 4055 quod
713 3992 863 4058 55555155.
880 4008 935 4044 eum
947 3994 1043 4046 Weiss.
1065 3995 1187 4045 inductae
1200 3996 1368 4061 metaphorae

230 4062 296 4111 iilud
308 4062 454 4126 respondet.
585 4059 645 4110 261.
666 4066 826 4111 eructuem.
841 4062 872 4111 A.
996 4063 1055 4114 262.
1077 4063 1221 4128 Sproottn
1236 4062 1292 4114 ra.

280 4130 341 4180 265.
362 4133 411 4194 qui
422 4129 480 4178 Put.
637 4128 697 4178 268.
716 4131 864 4195 seimurq3
884 4131 994 4182 traditur
1013 4132 1070 4182 Put.
1090 4145 1131 4198 55.
1148 4131 1212 4183 obt.
1222 4169 1230 4196 ‚
1251 4149 1299 4181 non
1322 4147 1364 4200 55.

229 4197 339 4317 1151555
357 4199 514 4316 55555εά55555
533 4195 787 4247 ostsundroni.
803 4196 857 4249 Gis.
871 4199 947 4250 (11555.
963 4199 1048 4252 Ρ5511.
1063 4200 1157 4252 1151515.
1173 4200 1250 4264 Ceti,
1273 4201 1368 4251 deotm-

227 4283 279 4331 5555
314 4268 323 4316 i
343 4301 349 4316 .
388 4281 421 4328 ug
444 4305 447 4310 .
