3016 4832
510 259 788 314 Puutsuttt’iiuitutt
804 263 854 316 itt.
907 277 909 284 ’

191 443 313 508 Incisus
330 445 460 508 tumulis
475 446 584 510 titulos
600 452 633 510 ot
647 449 774 526 singula
789 450 916 525 oureus

272 537 420 600 nominat
435 539 562 604 uiffieite
577 545 636 617 est,
654 547 690 605 ut
706 541 856 618 replicare
872 557 996 618 queam.-

162 637 163 640 ’
191 629 312 694 Tantos
327 633 483 722 iustorum
499 633 633 708 populos
650 635 739 698 intres
754 636 858 712 inpius
874 636 988 718 bausit,

271 741 341 790 eum
358 727 476 790 coloret
490 728 609 803 patrius
624 727 721 798 'Prota
735 727 837 792 lluma
851 731 946 794 teos:
1036 793 1039 800 ,

189 819 332 884 Plurima
346 822 496 885 litterulis
513 825 639 899 signata
654 825 797 901 sepulcra
813 826 987 901 loquuntur

273 920 423 994 martyris
439 924 493 982 aut
509 929 620 982 nomen
637 924 693 982 ant
707 921 898 997 epigramma
913 920 1049 997 aliquod.

192 1006 274 1072 Sunt
289 1014 320 1071 et
334 1015 422 1074 mute
438 1015 541 1072 tannen
562 1013 675 1076 mettas
690 1013 865 1098 claudentia
882 1014 1007 1076 tumbas

272 1119 440 1182 manmena,
458 1118 538 1182 uuae
554 1107 655 1169 scium
672 1108 851 1183 significant
867 1122 1042 1172 numerum.
1129 1139 1134 1147 -
1200 1105 1236 1168 'tc

174 1270 200 1320 3.
221 1275 250 1320 tu
264 1275 333 1336 sing.
349 1269 424 1322 Febr.
441 1268 508 1332 Gis,
525 1271 565 1321 bic
578 1287 644 1323 corr.
661 1276 770 1336 etst'ng.
856 1276 881 1324 5.
903 1274 1025 1340 Quantos
1039 1288 1062 1324 a.
1153 1275 1176 1323 7.
1198 1273 1236 1322 le-

107 1343 207 1389 cuntur
219 1353 270 1389 scr.
285 1338 383 1392 Weitz.
399 1354 454 1389 cunr
469 1337 511 1390 W.
613 1339 635 1388 9.
658 1343 734 1389 muta
749 1339 766 1388 B
779 1339 813 1390 W
827 1341 1008 1408 castigatiores
1022 1341 1123 1392 lleiuss.
1140 1340 1234 1390 cabrn

108 1407 165 1456 Alci.
179 1406 258 1470 Luget
276 1408 406 1458 Sicanos
419 1407 497 1458 Febr.
512 1405 568 1456 Gis,
584 1408 629 1471 (ad
643 1410 724 1470 oram)
738 1407 835 1460 Weitu.
851 1409 928 1464 Cbor.
942 1410 1135 1474 Peett.'Amatr.
1146 1409 1234 1460 Heius.

107 1475 194 1527 Cbam.
210 1476 276 1528 Coll.
292 1475 367 1545 brev.
385 1475 452 1544 [cu.
460 1477 654 1544 frigidarum
668 1477 697 1528 C.
713 1477 746 1534 X.
763 1476 841 1544 liti,
859 1481 948 1530 inulte
961 1478 1014 1530 ΑΕ
1028 1472 1122 1530 Pitw
1135 1479 1236 1545 (supra)

108 1543 184 1596 bour.
206 1560 221 1596 a
239 1545 295 1611 (pro
316 1546 367 1595 div.
384 1547 457 1608 leet.)
472 1562 486 1610 p
500 1561 543 1610 qu
564 1541 617 1596 cu.
639 1545 722 1609 0bb.;
744 1548 840 1597 turbas
860 1564 873 1615 q
887 1563 903 1599 o
917 1545 988 1612 Gis,
1010 1548 1116 1598 tumbae
1130 1547 1196 1598 idem
1210 1547 1234 1595 io

105 1629 186 1678 marg.

107 1735 176 1784 ueris
207 1735 405 1786 demonstratum
436 1735 522 1788 vitiae.
567 1733 648 1786 Video
693 1733 780 1785 idibus
792 1733 921 1801 ¹Augustis
939 1737 977 1800 (d.
994 1737 1036 1798 13)
1055 1727 1172 1787 ev.'232
1191 1752 1236 1803 ap-

107 1810 191 1854 autem
202 1803 322 1866 effugisse
333 1805 487 1869 interpretes
499 1818 550 1854 rem
561 1801 647 1867 unam‘,
692 1810 765 1870 paret
775 1822 781 1854 :
793 1803 858 1854 idem
867 1804 922 1854 dies
932 1803 1013 1856 leatus
1021 1804 1161 1856 Laurentio
1171 1821 1238 1856 mar-

107 1887 172 1938 quae
198 1873 221 1921 io
247 1872 388 1923 dirimenda
412 1874 459 1924 bac
485 1873 648 1923 contentione
692 1873 743 1941 tyri
761 1888 846 1924 sacer.
871 1873 926 1924 Cir.
946 1874 996 1926 Las
1014 1874 1071 1924 vias
1090 1874 1238 1924 iussurus

107 1941 150 1990 vel
174 1941 263 1990 summi
294 1941 413 1992 momenti
445 1957 502 1992 esse
534 1942 647 2006 videtur,
693 1942 711 1992 l.
734 1942 769 2005 l.,
803 1941 951 1993 Tillemont.
984 1941 1120 1994 memoire‘s
1153 1945 1237 1994 eccle-

108 2009 236 2076 llippolyti
270 2010 326 2060 dieo
350 2017 539 2070 mouumentum
565 2009 648 2076 sepul·
693 2009 793 2076 siastiq.
813 2008 1235 2075 lll,p.6l5‚b1abillon.rlunal.

106 2079 177 2128 craia
200 2086 225 2128 ct
247 2079 343 2138 locum,
368 2078 412 2129 ubi
438 2085 566 2144 repertum
589 2079 647 2130 luit.
667 2091 670 2098 “
693 2077 839 2144 lV‚p.599.
860 2078 951 2144 Elegia
967 2079 1104 2132 Valeriano
1118 2081 1236 2146 episcopo

106 2146 297 2198 Monumentum
316 2147 406 2214 quippe
427 2148 490 2198 utut
509 2148 650 2198 celeberri·
693 2148 790 2214 pluries
803 2148 929 2213 inscripta
943 2157 992 2200 est.
1014 2148 1095 2200 llisso
1108 2149 1140 2198 sc
1152 2163 1209 2198 cnm
1221 2163 1243 2198 a·

105 2230 173 2266 mum
195 2223 234 2265 est
252 2223 338 2266 statua
358 2231 501 2268 marmorea
520 2216 650 2284 Hippolyti
692 2216 768 2267 Peuci.
785 2216 842 2278 luit,
857 2225 886 2267 at
898 2217 1012 2267 eumdem
1029 2219 1059 2267 13
1074 2233 1154 2267 meos.
1169 2219 1233 2280 Aug.

105 2280 258 2334 Portuaosis'
269 2285 381 2351 episcopi
402 2286 482 2336 sellae
501 2285 647 2347 insidentis,
693 2286 759 2336 diem
777 2287 801 2334 in
822 2285 940 2335 bouercrn
959 2285 1091 2353 Hippolyti
1110 2286 1237 2336 celebrari

105 2353 147 2403 cni
160 2369 216 2403 curn
230 2353 301 2421 cyclo
315 2352 433 2406 Pesebali
454 2354 522 2404 tituli
536 2355 649 2419 reliquo·
683 2354 795 2404 'iuberet
804 2355 841 2418 (v.
851 2354 987 2420 232sqq3).
1003 2355 1130 2417 0bbarius
1141 2355 1237 2404 buncce
1263 2364 1266 2370 '

105 2437 161 2472 rum
174 2424 229 2472 eius
238 2437 343 2488 operum
355 2424 428 2474 incisi
438 2431 537 2474 entant.
553 2423 649 2484 Locus,
694 2422 857 2474 Valerianum
870 2439 925 2474 cum
941 2422 1043 2474 Valerio
1057 2423 1238 2486 Caesaraugu-

104 2492 172 2541 unde
191 2505 215 2540 a.
232 2492 295 2541 1551
319 2487 445 2543 detectum
463 2493 489 2542 in
510 2491 649 2542 Bibliotbe·
692 2500 766 2542 atane
791 2491 908 2558 episcopo
933 2490 989 2556 (IV,
1014 2491 1058 2552 80)
1090 2491 1235 2542 confundit.

104 2575 160 2610 cam
176 2558 323 2610 Vaticanum
338 2562 471 2626 pervenit,
494 2559 649 2625 agerVera-
693 2560 848 2626 ceteroquin
867 2558 950 2610 bocce‘
965 2575 1067 2611 carmen
1087 2561 1153 2610 bauti
1177 2575 1238 2627 pau·

105 2645 154 2678 nus
167 2636 216 2690 est,
230 2643 302 2694 quom
314 2637 430 2680 veterum
443 2629 649 2682 Christianarum
691 2643 749 2680 cum
769 2629 871 2680 ceoiert
889 2631 921 2680 ad
941 2629 1150 2682 catacumbarum
1170 2637 1237 2678 stru-

105 2698 252 2761 nccrepelin
275 2696 354 2749 inisse
373 2700 437 2750 satie
464 2706 574 2752 cunstat.
611 2698 650 2748 lo·
693 2707 791 2750 cturatn
810 2699 955 2754 accuratius
975 2700 1177 2762 eogrnosccotlem
1199 2705 1238 2748 at·

102 2774 203 2831 tegrum
224 2766 247 2815 iu
268 2777 456 2818 monumentum
476 2782 566 2817 aevum
587 2765 650 2816 Pru·
694 2784 742 2833 que
768 2769 854 2816 divina
880 2783 945 2832 quae
978 2767 1012 2817 ibi
1038 2767 1238 2818 celebrabantur
1286 2793 1289 2800 ·

104 2836 227 2885 lectione
252 2837 315 2885 baud
341 2833 529 2888 mulierarius
554 2835 651 2886 indicat
694 2837 778 2886 cilicia
803 2835 843 2902 pia
866 2835 1031 2889 illustranda.
1063 2836 1116 2887 Cir.
1141 2836 1237 2885 beller-

103 2902 175 2968 (Clr.
192 2903 221 2953 ll.
236 2902 355 2966 Platne'r‚
380 2906 408 2954 C.
425 2905 524 2956 buosen
539 2913 590 2957 etc.
605 2904 652 2954 be·
694 2919 778 2956 maun.
795 2903 880 2956 Uebcr
893 2905 934 2955 die
947 2907 1056 2956 bitesten
1072 2905 1237 2968 cbristlicben

103 2971 262 3036 sabreibung
284 2973 332 3022 der
355 2973 430 3024 Stetit
457 2973 518 3023 llum
545 2974 589 3023 ild.
617 2973 650 3036 ll,
695 2974 1150 3040 Begriibnissst‘attenetc.p.9aqq;

103 3040 183 3092 Abtb.
205 3043 230 3104 2,
254 3057 279 3107 p.
298 3042 375 3105 ³29).
408 3041 431 3092 ls
456 3041 535 3106 igitur
557 3040 650 3092 Novati

103 3109 237 3160 doetrinae
249 3110 351 3160 iuvenis
365 3110 462 3164 lavisse
474 3111 549 3174 (tun,
571 3126 648 3161 senen

103 3179 136 3228 ad
165 3179 311 3230 tottotioos
336 3195 477 3230 conversus
506 3179 566 3244 (23,
593 3180 648 3242 ⁶24),

103 3246 237 3314 praelecto
251 3247 354 3298 iubente
369 3248 400 3298 ab
411 3250 484 3314 equis
496 3249 649 3314 discerptus,

102 3331 118 3366 a
133 3316 259 3366 iratribus
274 3315 367 3366 Romae
385 3318 531 3368 inhumatus
547 3317 621 3382 (152)
634 3332 648 3367 a

102 3384 245 3435 Prudentio
257 3385 361 3435 dicitnr.
389 3385 496 3452 Quando
511 3385 542 3434 ‘id
556 3401 650 3436 everre-

102 3455 149 3517 rit,
169 3469 257 3519 parum
280 3461 397 3518 constat;
424 3456 539 3505 omuibus
565 3463 650 3504 autem

101 3538 170 3588 quae
180 3519 258 3572 Prud.
266 3523 374 3576 ¹rettulit
385 3525 532 3574 accuratius
545 3539 651 3588 perpen-

102 3593 152 3653 sis,
169 3591 317 3658 martyrium
332 3608 363 3640 ex
377 3591 450 3642 Decii
470 3594 509 3642 vel
526 3589 593 3642 Galli
610 3591 651 3642 val

101 3659 239 3711 Valeriani
254 3661 411 3725 temporibus
430 3676 475 3710 nos
491 3668 550 3710 ante
564 3661 651 3710 oculus
871 3707 874 3714 ,
1166 3689 1170 3694 -
1235 3715 1238 3722 ,

103 3731 202 3780 babere
233 3729 366 3793 probabile
396 3729 433 3780 iit.
459 3728 651 3796 Martyrologiis
750 3729 789 3780 itl.
822 3727 975 3792 nonnarum]
1014 3727 1118 3780 Danaas.
1156 3743 1235 3779 carot.

102 3797 172 3848 bauti
199 3812 257 3846 raro
283 3798 387 3848 nimium
413 3798 471 3848 utet
500 3800 649 3864 praestitum
695 3795 771 3858 xvi,
791 3812 816 3862 p.
831 3796 877 3846 231
905 3797 974 3862 (opp.
1002 3798 1042 3847 etl.
1070 3796 1236 3858 Santonica,
1308 3849 1310 3854 ,

103 3867 204 3926 tuisse,
230 3866 298 3916 iuter
319 3873 405 3917 omncs
428 3875 544 3918 constatz
571 3863 666 3916 innita*
696 3864 789 3916 Romae
805 3861 902 3926 libila·
921 3866 1101 3929 Senicionem,
1117 3870 1238 3931 quicum-

100 3937 171 3986 cnim
185 3935 265 3986 illice
279 3935 376 3986 criticis
386 3937 436 3988 lam
447 3937 582 3986 emendata
593 3942 653 3985 sunt
695 3935 833 4000 preelegit,
847 3949 974 3985 venerare
987 3936 1170 4001 sepulchrum,
1184 3933 1239 3983 Νο-

101 4013 128 4055 et
149 4003 258 4069 postbac
276 4004 487 4056 emendabuntur.
515 4005 552 4056 lla
572 4003 653 4068 igitur
695 4007 770 4054 minu
790 4018 838 4052 neo
858 4019 1001 4054 numerum
1011 4005 1238 4068 potuitretinsre

102 4070 240 4123 Prouootti
261 4075 441 4124 auctoritatem
457 4075 651 4139 haudquaquam
671 4107 673 4112 -
695 4077 829 4122 uetustus.
867 4072 922 4124 Cir.
945 4073 1045 4125 Paulio.
1068 4079 1121 4122 nat.
1142 4067 1237 4120 xiii...

101 4141 244 4191 debilitare
267 4149 402 4207 poterunt,
429 4143 545 4208 quumvis
566 4143 652 4207 plures
695 4142 739 4192 bie
765 4141 903 4209 Martyres
929 4157 1034 4203 omnes,
1062 4141 1133 4205 Quor
1155 4138 1239 4188 simul

103 4209 259 4277 Hippolytes
278 4218 405 4278 martyres
428 4211 560 4262 exstitisse
578 4212 653 4262 adse·
695 4213 851 4262 innumeros
882 4226 1000 4276 magnac
1024 4213 1096 4260 tenet
1119 4208 1238 4258 ambitur

103 4288 206 4331 vorent.
223 4279 297 4332 Diem
310 4287 395 4332 autem
406 4281 529 4349 martyris
540 4281 652 4332 natalem
699 4277 788 4332 Urtius

746 3077 771 3126 9.
791 3075 879 3144 motta]
894 3077 987 3142 „Abcr
1000 3094 1027 3128 es
1040 3078 1159 3128 scbliesst
1172 3079 1236 3128 anab

694 3145 732 3196 ott
757 3145 799 3196 die
824 3147 1047 3210 verscbwiegenen
1075 3146 1174 3196 Griiber
1195 3149 1237 3196 ein

693 3222 815 3264 stumincr
825 3213 944 3276 Marmor,
959 3216 1071 3264 welcber
1081 3215 1157 3264 ollein
1169 3217 1238 3276 zeigt

694 3283 916 3344 derilegrnbenen
940 3281 1038 3332 Zabl.“
1065 3283 1235 3332 Beller'mana.
1267 3285 1268 3292 ’

696 3352 715 3400 Ι.
735 3351 753 3401 Ι,
780 3351 872 3401 Glossa
890 3351 945 3400 cod.
969 3351 988 3400 [l
1009 3348 1128 3422 prolect.
1149 3351 1236 3400 inulta

695 3425 761 3470 stat:
777 3421 865 3469 multa
876 3423 947 3468 einim.
958 3425 1023 3468 sitiit
1031 3419 1155 3484 sopiilcrc
1165 3435 1237 3469 mar·

696 3495 803 3556 tyrium,
830 3489 877 3538 ubi
899 3503 994 3544 nomen
1020 3488 1125 3552 quidem
1145 3503 1237 3538 eorum

695 3559 840 3620 reticetur,
874 3551 1000 3607 n'umeros
1026 3554 1087 3625 [sic]
1113 3571 1175 3608 vero
1199 3561 1239 3607 in-

694 3627 831 3694 scribitur.
903 3693 905 3700 y
