3046 4830
502 298 766 354 ΟΑΤΗΕΜΕΙΠΝΟΝ
785 303 831 355 Xl.

319 493 322 530 ²
404 493 549 565 gratetur
563 493 596 550 et
610 491 751 566 gaudens
768 491 882 553 liumus

406 586 529 647 scandit
543 584 698 661 gradatim
715 587 815 647 denuo

404 682 495 746 iunar
509 682 629 758 priores
645 682 756 744 lineas.

448 771 584 850 Emerge
600 775 700 838 dulcis
715 777 818 853 pusio,

405 886 495 948 quem
511 875 612 932 mater
627 872 688 933 edit
704 873 846 949 castitas,

404 979 517 1041 parens
533 969 565 1026 et
580 980 692 1042 expers
711 968 869 1044 coniugis,

403 1060 554 1123 mediator
568 1064 600 1124 ct
615 1061 729 1137 duplex
744 1077 857 1138 genus.

446 1152 499 1216 Ex
514 1171 569 1218 ore
583 1157 754 1232 quamlibet
769 1155 874 1220 Patris

403 1250 449 1334 sis
465 1255 554 1314 ortus
569 1256 601 1314 et
616 1254 711 1316 verto
726 1255 842 1329 editus,

406 1351 509 1411 tamen
524 1354 654 1427 paterno
669 1351 700 1412 in
718 1356 845 1428 pectore

405 1443 512 1520 sophia
529 1445 663 1506 callebas
677 1445 779 1521 prius.

449 1532 537 1616 Quae
552 1543 693 1615 prompta
710 1539 829 1626 caelum
845 1537 992 1613 condidit,

404 1633 526 1695 caelum
542 1634 684 1711 diemque
699 1637 732 1694 et
746 1637 862 1707 cetera,

407 1729 523 1789 virtute
537 1729 625 1790 verini
640 1729 749 1790 edecta
767 1733 842 1790 sunt

404 1823 479 1884 liaeo
495 1828 620 1899 cuncta,
638 1838 710 1884 nam
725 1824 854 1884 verdum
869 1819 966 1884 Deus.

449 1905 510 1970 Sed
526 1910 679 1972 ordinatis
695 1909 811 1971 seculis

404 2017 571 2082 rerumque
587 2005 709 2081 digestu
724 2008 810 2066 statu

405 2100 551 2162 illudatur
564 2101 631 2176 ipse
646 2104 678 2161 et
693 2101 809 2162 artilex

405 2197 577 2272 permansit
590 2198 621 2258 in
637 2193 744 2258 Patris
759 2197 842 2271 sinu,

450 2287 547 2348 donee
561 2291 665 2350 rotata
680 2287 839 2350 annalium

405 2383 698 2446 transvolverentur
712 2383 809 2459 milia,

404 2481 498 2553 atque
513 2479 579 2554 ipse
593 2483 771 2554 peccantem
789 2479 842 2540 diu

405 2573 552 2649 dignatus
568 2574 672 2638 oriem
689 2573 818 2635 viseret.

447 2666 637 2730 Namcacca
653 2667 703 2728 vis
718 2667 895 2728 mortalium

404 2777 557 2825 venerans
573 2764 683 2826 inanes
698 2762 808 2824 nenias

179 2935 221 2986 10.
245 2933 382 2984 Gruterus·
396 2933 495 2985 Erasm.
639 2934 681 2984 12.
698 2937 804 3000 prioris
820 2935 874 2984 lm.
1017 2933 1057 2984 11.
1078 2933 1202 2982 malerei
1218 2931 1236 2981 u

114 3001 193 3053 rna
207 3020 223 3053 a
235 3018 259 3052 m
273 3018 287 3068 q
301 3021 317 3053 u
337 3003 395 3052 Ald.
419 3003 501 3066 Lugd.
517 3001 606 3052 Heius.
627 3003 705 3053 Arev.
720 3001 805 3065 otu,
832 3004 931 3052 matris
951 3001 986 3051 bi
1006 3000 1078 3051 Sielr.
1088 3009 1141 3051 tres
1158 3000 1235 3051 Febr.

114 3069 166 3122 Gis.
181 3073 279 3124 Weitu.
295 3072 371 3122 Cher.
387 3070 470 3122 Poett.
486 3073 580 3122 Amstr.
596 3071 662 3122 Call.
799 3073 840 3121 iu.
860 3072 979 3122 raram
994 3072 1054 3134 lm3
1075 3076 1101 3120 et
1114 3069 1239 3121 Christus

114 3142 167 3190 did.
180 3142 283 3206 bugd„
303 3147 331 3190 at
343 3145 401 3207 ipse
413 3144 480 3191 coni.
494 3139 573 3191 Nebr.
688 3141 728 3192 18.
746 3145 856 3208 genitus
869 3140 944 3204 Pras.
960 3141 1072 3204 glossam
1085 3141 1168 3204 sapit,
1181 3155 1239 3190 uer-

114 3211 170 3260 bum
184 3213 286 3262 odilam
299 3209 367 3260 coni.
381 3208 459 3260 Nebr.
481 3207 548 3276 [cre.
565 3209 609 3273 iil,
624 3207 663 3276 2].
815 3210 855 3260 19.
876 3213 905 3259 in
917 3225 966 3259 om.
986 3207 1012 3258 A
1026 3207 1045 3258 E
1060 3209 1079 3257 ll
1098 3206 1166 3274 [err.
1180 3207 1236 3272 Vll,

113 3277 165 3346 2d].
272 3279 314 3329 20.
336 3279 474 3330 caiedasB
489 3279 508 3328 Η
523 3278 556 3328 W
570 3278 644 3328 dold.
659 3279 704 3328 im
718 3277 813 3329 Weitz.
830 3279 1006 3343 (11111111),
1026 3277 1146 3327 callebat
1159 3275 1236 3328 Nebr.

114 3345 186 3398 rior.
201 3347 258 3398 Gis.
273 3353 351 3410 (corr.
367 3349 507 3412 callebas),
527 3347 648 3398 callebat
659 3349 713 3411 11,
752 3348 855 3398 nitebas
870 3347 893 3397 b.
1063 3345 1105 3396 22.
1123 3344 1236 3396 Noctem

113 3415 233 3483 diemque
245 3415 325 3467 Davr.
340 3415 439 3467 Erasm.
448 3455 456 3480 ,
476 3417 565 3468 Solem
580 3417 702 3484 diemque
744 3417 818 3479 ablu,
840 3416 947 3467 Caelum
960 3421 1117 3478 noctemque
1131 3419 1159 3464 et
1172 3411 1238 3464 Tar-

115 3490 173 3536 tara
186 3487 268 3536 Attin.
284 3486 344 3552 (uon
359 3485 452 3550 Laur.)
465 3493 553 3536 contra
567 3494 658 3547 metm,
686 3485 778 3535 Solum
791 3486 913 3551 diemque
930 3484 994 3533 coni.
1017 3482 1103 3532 Heius.
1123 3479 1193 3552 [cru
1206 3479 1235 3534 P.

113 3552 235 3622 113161
346 3555 389 3605 21.
409 3571 472 3606 narn
485 3555 718 3619 deuteromium,
745 3571 806 3604 nam
821 3551 1235 3620 deuaaerbumestPrag.,num

113 3626 222 3675 uerbum
235 3623 299 3673 deus
313 3630 354 3674 est
366 3641 392 3674 u.
417 3623 466 3673 Vb.
482 3629 523 3673 est
535 3623 643 3686 glossam
659 3623 711 3673 olet
718 3660 726 3685 ,
749 3623 822 3672 cuius
834 3621 914 3672 vicem
930 3637 1018 3688 reapse
1030 3620 1093 3670 facit
1103 3622 1129 3670 in
1143 3639 1167 3672 1.

177 3694 223 3743 21.
242 3691 390 3743 Fundetur
401 3693 458 3744 nid.
473 3692 556 3756 Lugd.
696 3691 738 3742 33.
758 3692 814 3742 lam
827 3705 853 3740 u.

161 3849 204 3898 11.
243 3847 356 3898 scandit
390 3811 544 3914 prodatim]
576 3863 650 3899 unum
696 3847 722 3910 3,
745 3870 775 3884 ··-
796 3842 949 3911 annalium]
972 3850 1123 3910 temporum
1144 3845 1187 3894 oei
1202 3844 1236 3894 e·-

113 3916 201 3984 quippe
213 3915 319 3981 mudum
334 3915 359 3965 ln
374 3916 450 3966 diem.
697 3919 807 3967 trorum
821 3912 871 3963 leo.

162 4003 203 4052 13.
221 3999 316 4070 pusio]
331 4000 358 4052 P.
376 4000 419 4064 lll,
436 4001 469 4052 20
480 4003 598 4066 pusiola.
748 3983 789 4034 33·
805 3979 858 4050 ⁰²¹⁸]
871 3980 1015 4033 multitud&

748 4053 789 4102 34.
810 4049 917 4118 uenias]
937 4055 1031 4102 neniae
1048 4056 1114 4101 suut
1126 4053 1236 4116 propris

225 4170 360 4241 111
447 4172 473 4224 s.
536 4174 562 4238 1,

114 4241 182 4293 19111·
198 4244 230 4294 “d
244 4247 375 4305 “mmo
389 4240 472 4294 ΝΜ·
488 4241 529 4305 'Va
545 4244 589 4294 ὅθ’
697 4263 792 4310 uanius
813 4258 848 4323 pl.
863 4275 887 4310 a.
919 4257 1017 4309 0111).
1033 4257 1064 4320 11,
1078 4257 1143 4318 sil,
1164 4267 1233 4306 narr.

162 4329 205 4378 29.
226 4333 321 4380 rotata
332 4326 484 4394 annalium]
498 4327 555 4379 cn.
570 4327 653 4394 111111.
700 4329 772 4380 lectt.

994 4410 1031 4472 5*

163 4087 204 4139 18.
225 4089 306 4138 vardo
321 4085 424 4154 editus]
440 4087 494 4140 Cir.
510 4087 555 4151 lli,
571 4087 595 4138 2.
