3054 4820
133 327 207 383 CAP.
225 330 277 397 ΙΙΙ,
290 328 334 380 DE
350 327 528 380 coercitus
546 325 620 380 MSS.
633 327 678 379 ΙΙΤ
692 326 907 380 ΕΒΙΤΙΟΝΙΒΙΙὸ
921 327 1115 384 ΡΙΙΙΙΙΙΕΝΤΙΙ.
1183 337 1243 378 ην

110 500 246 564 Catbem.
266 497 366 584 hymni
383 498 420 561 V.
449 519 539 562 versu
556 503 594 558 94
622 497 752 560 carmina
769 507 874 580 poetae
895 497 1010 582 integra
1027 502 1106 567 foliis
1124 502 1243 582 CLVll,

110 593 188 657 etin
204 594 263 655 line
279 613 382 677 poema
399 593 438 656 de
452 597 519 655 vitu
536 592 645 656 beatae
656 591 785 662 Mariae
799 590 835 654 V
834 593 899 676 irg.
917 592 1077 659 Trecema's
1092 599 1240 661 adnexum
1283 609 1287 614 '

110 698 169 753 est.
188 688 306 750 Scholia
323 687 415 750 multa
431 708 490 748 non
507 687 625 750 desunt.
644 722 681 732 -
703 729 813 746 ......
831 685 940 748 Notavi
957 687 1027 751 Il.“

201 791 353 866 „Praeter
370 789 423 850 bos
439 789 546 864 codd,
570 788 619 870 qui
642 787 673 849 in
691 787 925 871 Guelferbytana
941 788 1117 856 bibliotheca
1134 793 1243 857 illustri

110 895 329 962 asservantur,
354 884 456 947 varias
480 884 624 947 lectiones
645 883 680 945 ad
697 883 883 966 Apotheosin
900 894 929 946 et
945 885 1078 949 Hamart.
1097 889 1163 950 eod.
1182 910 1244 951 seo.

111 978 167 1041 lx.
189 979 238 1043 W
236 977 505 1061 elsseobargeasis
529 997 559 1037 n.
579 985 631 1038 77.
649 976 685 1038 V.
709 977 755 1039 Cl.
774 969 1043 1042 schoenemannus
1061 979 1133 1064 mibi
1149 984 1242 1059 misit,

109 1078 159 1154 qui
178 1073 213 1134 de
230 1074 334 1135 eodem
348 1072 421 1134 baec
434 1091 545 1133 rneoum
563 1091 614 1154 per
631 1071 744 1134 litteras
756 1073 1002 1135 communicavit:
1021 1069 1245 1160 Merlcma'irda'g

109 1174 152 1232 ist
169 1192 209 1232 eo
227 1171 331 1233 dieser
344 1169 574 1252 Haodscdrr'st,
600 1168 673 1230 dass
696 1168 748 1230 die
769 1171 801 1231 io
819 1169 885 1231 dem
906 1169 1007 1232 Teste
1022 1171 1075 1232 liin
1095 1171 1161 1232 ead
1175 1174 1245 1231 wie·

110 1267 170 1330 der
192 1267 275 1330 oucb
300 1267 352 1329 lei
374 1268 519 1329 Heinsius
543 1266 787 1350 ausgelosseneo
809 1265 846 1328 V
845 1286 912 1326 erse
934 1287 990 1328 oon
1015 1268 1101 1328 einer
1123 1264 1244 1326 eadere

110 1363 209 1425 Hand
232 1363 450 1447 binzagesd'gt
469 1361 557 1434 solid,
592 1361 641 1422 die
664 1380 753 1433 mun,
785 1381 873 1422 worm
894 1361 941 1421 sic
963 1363 994 1422 in
1011 1362 1108 1422 etitem
1125 1359 1245 1420 eaodem

114 1455 229 1518 Codes·
243 1455 309 1517 st'cb
333 1455 489 1538 besdade,
506 1454 574 1536 fio·
595 1453 785 1516 nocherum
808 1454 890 1514 (ilter
906 1455 955 1514 als
974 1455 1024 1514 die
1044 1452 1245 1534 Teetscbrtfl

110 1553 165 1616 des
183 1553 235 1618 W
232 1553 363 1614 eisseob.
376 1559 412 1612 77
420 1597 427 1613 .
446 1551 553 1614 baltea
565 1551 667 1627 sollte,
685 1571 794 1633 megan
811 1549 869 1609 der
885 1551 1000 1634 steisen
1013 1548 1107 1631 Zalgc
1122 1571 1153 1610 a.
1163 1571 1190 1610 s.
1203 1571 1242 1609 m.

110 1681 152 1693 -
171 1644 222 1709 W
218 1645 308 1706 leder
324 1646 372 1706 ein
388 1643 525 1720 Beroea's,
551 1643 609 1704 wie
625 1640 675 1724 ost
691 1643 741 1702 eie
756 1638 927 1703 Scbree'ber
943 1641 1020 1704 odet·
1035 1643 1103 1703 eine
1119 1639 1245 1703 Sebret‘·

110 1738 276 1802 derscbule
297 1738 403 1801 bioter
425 1739 482 1800 der
505 1736 626 1800 andero
648 1733 871 1810 zoroastreos,
893 1757 927 1797 so
951 1736 1024 1798 class
1038 1756 1110 1797 inan
1126 1737 1176 1796 nic
1193 1735 1245 1796 ab·

109 1833 195 1896 solat
218 1833 276 1894 dos
298 1834 393 1895 Alter
415 1833 495 1896 saecli
518 1833 577 1896 dea
599 1829 837 1914 gemiibnlz'elaen
861 1827 982 1912 Regeln
1004 1828 1069 1912 atas
1078 1836 1116 1891 20
1140 1828 1187 1891 to·
1204 1838 1244 1893 30

109 1925 211 1989 dabre
234 1925 410 1988 bestimmen
432 1924 521 2008 duis,
545 1922 680 1985 saedere
704 1921 785 1985 necle
804 1921 864 1984 Ort
886 1921 952 1984 atad
968 1920 1158 1986 Urastdmlea
1175 1943 1246 1986 eor·

110 2019 233 2106 siebtig
248 2019 486 2083 enterscbee'deo
503 2039 597 2080 mitiss.
618 2063 626 2080 .
647 2065 654 2078 .
675 2063 683 2076 .
704 2062 712 2076 .
732 2060 741 2078 .
761 2063 768 2078 .
788 2016 910 2098 Signavi
931 2015 981 2081 W
978 2019 1082 2078 etbs.“

201 2114 305 2192 „Cod
328 2113 491 2178 Gotbeavs
514 2111 678 2175 membran.
703 2133 763 2174 sec.
782 2110 887 2187 Xlll.‚
915 2111 959 2174 uti
976 2132 1016 2174 ex
1032 2111 1173 2174 chronico
1189 2111 1244 2195 ipsi

112 2210 252 2293 scriptori
278 2209 441 2290 praemisso
457 2222 598 2291 apparet,
622 2210 684 2272 lolii
708 2211 802 2273 forma
824 2209 916 2271 nitide
938 2220 1083 2271 exaratus
1099 2219 1129 2272 et
1145 2209 1246 2271 multis

112 2299 292 2365 Sanctorum
315 2301 493 2384 imaginibus
524 2314 648 2368 ornatus
675 2302 837 2387 sigeberti
860 2301 1091 2365 Gembloceosa's
1113 2304 1148 2364 de
1170 2302 1246 2364 viris

110 2399 280 2462 illustribus
296 2396 387 2459 libelli
405 2407 504 2480 partes
521 2393 664 2480 quasdam
680 2399 833 2476 continet,
857 2397 963 2479 quibus
984 2395 1065 2459 inter
1080 2398 1165 2460 varia
1182 2418 1247 2460 car·

112 2495 192 2557 mina
210 2493 300 2556 etiam
318 2493 374 2554 duo
391 2493 583 2556 Prudentiani
601 2493 715 2577 hymni,
732 2493 938 2576 Peristepban.
956 2491 1006 2554 lV.
1025 2503 1054 2556 et
1069 2493 1121 2571 V.‚
1140 2493 1247 2556 inserti

113 2601 194 2654 sunt.
214 2589 323 2652 Varias
335 2589 478 2652 lectiones
495 2590 628 2654 dedimus
646 2611 749 2654 omnes
766 2600 797 2653 et
809 2591 875 2653 cod.
892 2590 977 2654 litera
994 2590 1022 2654 G
1037 2593 1244 2654 notavimus.“

201 2691 411 2769 „llremsleri
423 2693 489 2754 cod.
508 2693 639 2757 chartac.
658 2696 718 2772 (4),
736 2695 783 2775 qui
800 2693 885 2756 varia
900 2693 1045 2770 continet,
1062 2693 1127 2756 sive
1143 2695 1173 2756 in
1189 2693 1247 2755 fine

113 2809 175 2851 sec.
194 2785 265 2848 XV.
285 2786 349 2848 sive
370 2787 400 2848 in
424 2787 489 2849 init.
507 2787 587 2850 XVl.
607 2789 736 2871 scriptus
756 2809 823 2853 esse
838 2789 973 2864 videtur,
998 2788 1064 2869 quia
1082 2789 1152 2851 edit.
1188 2787 1247 2850 Ho-

114 2883 181 2944 ratii
205 2881 370 2943 Satirarum
395 2881 558 2965 Lipsiensr'
583 2904 630 2966 ap.
663 2883 739 2952 Nlo.
772 2883 969 2968 Lavnperter.
1001 2894 1031 2945 et
1061 2883 1244 2947 Boltbosor.

114 2975 240 3042 Macer.
266 2975 384 3040 adfixus
406 2987 463 3039 est.
495 2976 578 3040 Inest
600 2978 694 3041 altera
716 2990 828 3041 tantum
851 2976 989 3064 Diptycbi
1011 3000 1079 3063 pars
1103 3001 1169 3042 cum
1191 2979 1247 3042 bae

114 3071 330 3154 inscriptione:
364 3073 489 3156 Aurelp
512 3074 673 3156 Prudeaty
697 3073 777 3136 leber
802 3073 1000 3160 Hystorr'ora't
1028 3079 1126 3138 couvi
1153 3088 1246 3138 testa-

115 3173 229 3246 menlz‘,·
253 3169 284 3230 in
309 3177 447 3230 extremo
463 3168 623 3249 leguntur:
648 3165 735 3229 Finis
752 3170 911 3232 testametl
924 3171 1001 3231 izozei
1013 3169 1145 3252 Aetelq'j
1156 3169 1244 3252 (sic).

116 3263 252 3328 Iudicavi
268 3265 346 3326 huno
362 3262 468 3326 librum
487 3273 576 3324 mlum
593 3263 662 3325 ΙΙ.“

200 3356 391 3420 Novissimus
408 3356 456 3418 hic
473 3357 570 3418 editor
594 3355 709 3416 laudem
727 3356 854 3432 meruit,
879 3376 966 3437 quam
984 3356 1039 3418 viri
1057 3357 1134 3420 docti
1151 3359 1177 3422 ei
1196 3359 1247 3427 tri-

117 3451 256 3514 buerunt.
282 3449 344 3511 Nos
366 3448 487 3512 sanein
508 3449 573 3512 eius
596 3448 642 3511 ed.
667 3447 939 3530 acquievissemns‚
963 3449 989 3510 si
1013 3448 1049 3514 ob
1072 3449 1247 3514 innumeros

119 3543 214 3606 critici
237 3541 442 3604 commentarii
465 3560 603 3616 errores,
637 3561 711 3621 quos
735 3540 771 3604 ab
794 3538 924 3604 Arevalo
947 3541 1080 3622 accepit,
1110 3553 1248 3625 acceptas

119 3635 311 3720 propagavit,
337 3634 366 3696 id
387 3634 498 3717 absque
524 3632 646 3695 fontium
663 3643 768 3720 poetae
785 3631 957 3698 criticorum
973 3633 1125 3716 ipsiusque
1141 3636 1248 3702 earmi-

117 3755 186 3796 nnm
202 3731 311 3794 nitoris
329 3730 511 3814 praeiudicio
526 3728 591 3795 fieri
604 3727 761 3811 potuisset,
780 3727 878 3790 Taceo
895 3727 1021 3808 reliqua,
1040 3750 1114 3811 quae
1131 3732 1166 3792 ab
1182 3731 1249 3795 aliis

117 3828 243 3910 intelligi
267 3826 441 3902 maluerim,
460 3847 546 3909 qnam
563 3847 581 3888 a
597 3844 643 3886 me
660 3824 728 3888 dici.
754 3822 857 3903 Neque
876 3823 1006 3905 adprobo
1022 3823 1150 3886 tabulam
1168 3828 1248 3888 eodi-

118 3945 183 3985 cum
204 3942 265 3984 nou
287 3919 534 4003 interpolatorum
551 3929 582 3980 ct
604 3917 851 4000 interpolatorum
868 3917 1099 3999 comparativam
1108 3911 1163 3998 ⁸⁸),
1182 3941 1247 3980 cum

117 4016 148 4079 in
170 4014 326 4092 omnibus,
353 4013 431 4095 quod
454 4012 535 4089 scio,
561 4033 634 4075 mss.
663 4011 752 4073 Prnd.
777 4009 1017 4092 interpolationis
1038 4011 1163 4092 vestigia
1189 4031 1248 4073 nou

117 4108 301 4172 subobscura
318 4116 450 4190 pateant,
469 4125 594 4189 cumque
610 4103 810 4188 comparantis
826 4102 911 4166 codd.
930 4103 1128 4169 Romanorum
1142 4103 1249 4169 notitia

188 4322 233 4387 38)
253 4321 371 4387 Prolegg.
385 4338 409 4389 p.
424 4321 531 4374 XLVll.
