3054 4820
264 328 308 370 tx
691 321 956 376 PROLEGOMENA.

263 494 327 556 loll.
354 501 393 557 95
410 517 475 578 sqq.
501 505 547 557 est
568 494 670 578 passio
686 493 823 558 Romani.
855 492 947 569 Puto,
971 512 1039 556 asse
1062 513 1128 558 eum
1151 492 1332 575 descriptum
1355 515 1396 557 ex

263 586 395 650 editione
411 587 609 664 Fabricium,
633 597 684 650 ant
698 609 737 652 ex
755 587 858 650 eodem
880 608 946 648 cnm
962 586 1012 650 illa
1035 589 1117 650 sonte
1134 587 1321 671 provenisse.
1338 587 1397 652 Re-

263 679 334 762 liqui
350 682 401 744 lib.
420 683 527 748 Perist.
547 683 667 767 hymni,
692 682 741 764 qui
759 684 788 746 'ra
804 683 875 747 hihi.
893 682 971 745 Vall.
989 683 1169 759 servantur‚'
1181 701 1275 763 aeque
1290 701 1396 742 recen·

264 775 334 837 tiori
358 795 434 840 aevo
458 778 617 860 conscripti
640 787 719 840 suat.
757 774 949 864 Quapropter
978 799 1031 842 eos
1057 800 1116 842 non
1139 779 1246 864 dignos
1271 797 1393 855 censeo,

262 869 311 950 qui
328 874 533 936 conferantur.

351 983 493 1060 „Cadra
509 994 573 1046 oet.
592 985 694 1057 alea„
713 990 809 1060 2078,
827 1002 888 1046 sec.
907 983 963 1058 IX,
980 984 1011 1045 in
1028 983 1099 1045 lolio
1117 1003 1209 1065 parvo
1225 981 1392 1045 membran.

261 1074 397 1140 Aurelii
425 1077 526 1141 Prud.
559 1077 655 1142 Cleua.
688 1077 851 1141 Certamen
876 1082 1022 1141 virtutum
1051 1087 1163 1140 cantra
1191 1080 1279 1139 vitia.
1320 1072 1395 1139 Siue

261 1177 445 1258 praefatione
471 1175 591 1259 incipit:
624 1176 763 1251 Christe,
787 1196 909 1260 graues
936 1175 1090 1236 honeinura
1120 1196 1243 1258 seraper
1267 1177 1398 1236 macerat

261 1270 400 1334 labores.
419 1271 535 1334 Desunt
549 1271 639 1333 multa
652 1291 670 1333 a
682 1289 792 1332 versu:
810 1267 967 1331 Nascitur
977 1268 1051 1330 hinc
1063 1269 1191 1351 anapina
1204 1267 1240 1331 ad
1253 1287 1393 1330 versum:

263 1364 417 1428 Nauaneus
432 1366 594 1449 accepitne.
621 1364 816 1429 Desideratur
831 1365 919 1428 etiam
936 1363 1058 1428 ultimus
1074 1385 1200 1428 versusa
1219 1363 1394 1427 Aeternum

263 1470 319 1520 cte.
357 1458 439 1522 Nihil
462 1471 561 1523 tamen
583 1471 630 1522 est
650 1460 798 1536 lacerum,
821 1470 874 1522 aut
888 1458 1045 1535 ahrasum3
1070 1459 1200 1522 lortasse
1222 1457 1393 1540 exscriptus

262 1564 309 1616 est
331 1575 372 1617 cx
394 1555 453 1617 alia
477 1555 580 1618 codice
600 1555 786 1638 imperfecto.
817 1551 971 1616 Scribendi
988 1553 1084 1615 ratio:
1110 1553 1311 1637 adgreditur,
1328 1550 1394 1612 sul-

259 1648 408 1731 pharcus,
428 1649 583 1712 tharacha
599 1650 664 1712 siue
680 1648 883 1730 diphthongis.
908 1647 975 1710 Nan
994 1667 1085 1729 panca
1101 1657 1172 1711 sunt
1187 1647 1305 1710 menda.
1339 1642 1395 1707 Hic

262 1751 309 1802 est
323 1741 426 1803 eaden
441 1742 513 1804 H.⁴‘
537 1739 640 1805 Area.
675 1742 775 1805 Codex
799 1741 856 1804 iste
880 1740 1031 1804 Prudentii
1050 1737 1310 1824 Psychomachiam
1325 1757 1395 1820 ,uon

261 1833 403 1897 continet.
444 1834 519 1898 Bibl.
546 1836 706 1898 vaticanae
729 1837 875 1912 ministri,
901 1854 941 1896 ex
965 1856 1022 1916 quo
1045 1835 1138 1896 Aren.
1162 1831 1299 1914 scripsit,
1325 1849 1394 1892 eum

260 1926 391 1990 ahlatnm
408 1949 475 1992 esse
490 1930 731 2012 suspicabantur.
748 1930 885 2014 Repetivi
900 1929 992 2012 igitur
1007 1947 1091 1990 sarr.
1109 1927 1206 2002 lectt,
1225 1924 1326 2008 quales
1342 1923 1395 1988 ille

260 2021 389 2082 notavit.
428 2021 532 2104 Neque
555 2025 717 2106 recognovi
739 2036 879 2104 quattuor
902 2021 973 2086 lihh.
1001 2021 1082 2084 Vatt.
1107 2033 1139 2084 ut
1161 2042 1263 2104 parnm
1288 2019 1392 2096 uther,

259 2135 332 2196 quos
353 2113 446 2178 Arev.
473 2117 621 2200 (prolegg.
648 2141 673 2202 p.
691 2127 743 2196 66,
763 2125 816 2191 65,
835 2121 888 2200 60)
910 2118 950 2182 ita
968 2116 1128 2180 describite
1155 2116 1298 2194 „Cadur
1312 2117 1395 2178 nati-

259 2230 358 2271 canus
382 2208 619 2275 Othabanianus
635 2221 731 2291 237„
759 2216 935 2278 chartaceus
952 2214 984 2275 iu
1001 2218 1048 2288 8.‚
1081 2210 1273 2275 Prudentius
1294 2209 1332 2272 de
1349 2209 1391 2275 B.

261 2301 428 2367 Cassiano.
468 2307 530 2370 Hoc
552 2309 617 2371 cod.
642 2314 814 2372 continetur
833 2310 988 2392 Legenda
1011 2309 1044 2369 S.
1074 2306 1223 2371 Cassiani
1240 2312 1395 2387 eraurlpris

253 2419 315 2480 per
330 2397 388 2461 Fr.
406 2399 552 2464 Iacobum
572 2402 623 2480 (de
638 2402 805 2484 Voragine)
830 2404 951 2466 arde'ru's
969 2399 1083 2464 Praed.
1110 2399 1292 2483 conpilata.
1316 2399 1393 2462 Eam

257 2490 375 2554 dedicat
387 2491 565 2558 Franciscns
576 2495 688 2560 Parrus
704 2497 865 2559 canonicus
881 2496 1036 2562 imolensis
1052 2497 1238 2581 Hieronymo
1254 2497 1394 2560 Dandiuo

257 2587 397 2672 episcopo
420 2590 571 2654 imolensi.
605 2593 726 2656 lacobus
750 2611 823 2655 vero
845 2591 996 2656 scrihebat
1017 2593 1169 2658 Bononiae
1191 2612 1270 2654 anno
1296 2596 1392 2654 1282.

259 2677 343 2742 Folio
361 2687 412 2743 27.
441 2680 632 2746 Prudentius
652 2695 751 2768 paeto
773 2686 811 2748 de
833 2683 871 2748 [i.
900 2683 1051 2748 Cassiano
1076 2688 1121 2749 ita
1137 2687 1267 2748 cecinit.-
1298 2684 1395 2768 Sylla

257 2783 318 2838 etc.
349 2774 381 2838 la
406 2775 481 2838 huet
504 2778 713 2851 Prudentius,
739 2789 775 2842 ut
797 2790 903 2842 natum
927 2789 992 2854 est,
1011 2779 1098 2864 fidei
1110 2783 1160 2842 air
1182 2789 1215 2841 ct
1235 2779 1395 2862 religiosa

257 2867 410 2954 dogmata
420 2874 579 2954 praetactis
596 2875 689 2936 ete'am
705 2872 907 2938 iucundidate
927 2873 1142 2936 concernendam
1163 2882 1221 2936 etc.
1262 2871 1316 2934 ilic
1333 2872 1395 2935 erit

256 2962 359 3024 cauea
374 2964 480 3028 dictas
494 2965 570 3030 X.“
588 3003 628 3012 -
654 2968 792 3042 „Cadere
808 2970 972 3030 vaticanus
984 2968 1148 3051 palatinus
1170 2975 1274 3044 1715„
1299 2988 1394 3030 ruem-

255 3057 422 3122 hranaeens
436 3059 467 3122 iu
486 3065 515 3122 8.
539 3061 642 3124 seculo
659 3060 714 3122 Xl.
739 3060 861 3124 circiter
877 3062 1018 3145 scriptus.
1050 3063 1168 3145 incepit
1180 3063 1293 3146 glossa
1311 3062 1392 3124 Pru-

256 3150 358 3214 dentii
372 3152 503 3216 Aurelii
514 3153 692 3218 Clementis.
718 3154 837 3238 Paginis
853 3155 978 3236 triginta
994 3164 1114 3226 constat
1129 3156 1185 3218 hoc
1198 3158 1389 3240 opusculum.

256 3247 369 3312 Paucae
393 3260 464 3313 sunt
485 3249 624 3334 glossae,
652 3270 668 3312 e
691 3251 796 3334 quihus
820 3251 980 3315 nonnullas
1003 3252 1066 3316 suis
1089 3251 1119 3315 in
1141 3252 1215 3316 locis
1232 3253 1389 3316 dabimus:

255 3342 328 3407 nihil
344 3354 443 3408 umen
459 3355 505 3406 est
521 3343 601 3406 aliud
617 3354 737 3426 praeter
752 3344 880 3427 glossas.
907 3344 1142 3430 Orthographia:
1162 3346 1392 3431 effebisreae·

254 3438 311 3512 sis,
326 3458 450 3520 ymnus,
469 3458 534 3499 cum
548 3436 749 3520 diphthongis.
770 3438 801 3498 ln
813 3438 977 3502 fabularum
990 3438 1190 3521 explicatione
1201 3438 1390 3520 potissimum

253 3530 436 3612 glossemata
458 3543 631 3595 versantur.
663 3531 739 3596 Huic
762 3534 857 3596 codici
880 3557 990 3598 narnien
1013 3537 1073 3597 erit
1089 3534 1124 3597 S.
1144 3535 1243 3598 Not„-
1275 3533 1317 3598 lta
1343 3537 1391 3598 iu·

255 3623 343 3706 cipit:
367 3624 585 3708 Hyrocheum:
609 3626 644 3688 a'd
666 3637 730 3703 est,
749 3630 935 3692 maculem.
961 3628 1167 3692 Euaraerane
1186 3628 1222 3691 V
1221 3629 1247 3690 l.
1266 3629 1389 3694 dierum

255 3716 458 3799 Apotheosis,
476 3720 498 3779 i.
517 3717 556 3780 de
569 3718 748 3782 diuinitate.
772 3721 1007 3805 Amantigenia,
1025 3724 1047 3784 i.
1060 3731 1262 3805 peccatorum
1278 3725 1388 3806 origo.

255 3810 518 3894 Pspehamaclu'a,
545 3817 667 3878 animae
683 3837 797 3901 pugna
820 3827 880 3879 etc.
905 3828 1073 3899 quaesunt
1094 3818 1214 3902 glossae
1237 3819 1389 3884 advitam

253 3903 406 3968 Prudentii
423 3926 441 3967 a
458 3905 612 3970 Gennadio
628 3911 868 3995 conscriptam.“
894 3948 929 3957 —-
957 3910 1100 3987 „Codex
1114 3914 1280 3976 anticanus
1292 3915 1388 3998 pala·

254 4004 338 4065 trinus
355 4008 443 4077 235„
461 4003 624 4067 membran.
643 4006 674 4067 iu
692 4008 743 4070 lol.
761 4007 852 4070 seculi
864 4006 922 4070 Xl.
940 4006 1073 4070 circiter.
1097 4005 1213 4090 Pagina
1229 4015 1279 4070 45.
1297 4007 1388 4074 huius

253 4095 382 4160 codicis:
400 4094 562 4181 [rapiunt
577 4098 771 4181 glossemata
793 4099 832 4162 de
848 4098 1030 4164 Prudentia.
1061 4098 1189 4164 Glossae
1211 4101 1386 4185 pleraeque.

253 4201 285 4256 nt
300 4191 331 4254 in
347 4191 436 4254 lsane
457 4200 489 4254 et
503 4191 573 4254 Vat.
598 4192 635 4253 Α.
654 4189 801 4270 Quasdam
826 4193 912 4258 huius
936 4193 1047 4256 codicis
1070 4193 1206 4277 proprias
1230 4194 1295 4260 suis
1312 4195 1389 4260 locis

252 4287 394 4350 inseram.
428 4287 500 4351 Post
515 4287 655 4373 hymnum
673 4286 888 4370 exequiarum,
910 4289 998 4354 Finit
1012 4288 1093 4352 liber
1107 4288 1299 4370 hymnorum.
1332 4288 1388 4356 Se-
