<?xml version="1.0" encoding="UTF-8"?>
<!DOCTYPE html PUBLIC "-//W3C//DTD XHTML 1.0 Transitional//EN"
    "http://www.w3.org/TR/xhtml1/DTD/xhtml1-transitional.dtd">
<html xmlns="http://www.w3.org/1999/xhtml" xml:lang="en" lang="en">
 <head>
  <title>
</title>
<meta http-equiv="Content-Type" content="text/html;charset=utf-8" />
  <meta name='ocr-system' content='tesseract 3.04.00' />
  <meta name='ocr-capabilities' content='ocr_page ocr_carea ocr_par ocr_line ocrx_word'/>
</head>
<body>
  <div class='ocr_page' id='page_1' title='image "./quaeexstantcarm01dresgoog_0045.png"; bbox 0 0 3054 4820; ppageno 0'>
   <div class='ocr_carea' id='block_1_1' title="bbox 273 313 959 368">
    <p class='ocr_par' dir='ltr' id='par_1_1' title="bbox 273 313 959 368">
     <span class='ocr_line' id='line_1_1' title="bbox 273 313 959 368; baseline 0.001 -4"><span class='ocrx_word' id='word_1_1' title='bbox 273 321 363 366; x_wconf 77' lang='lat' dir='ltr'><em>xxxii</em></span> <span class='ocrx_word' id='word_1_2' title='bbox 696 313 959 368; x_wconf 70' lang='lat' dir='ltr'><em>ructuantium.</em></span> 
     </span>
    </p>
   </div>
   <div class='ocr_carea' id='block_1_2' title="bbox 271 484 1402 1425">
    <p class='ocr_par' dir='ltr' id='par_1_2' title="bbox 271 484 1402 1425">
     <span class='ocr_line' id='line_1_2' title="bbox 273 484 1399 573; baseline 0 -23"><span class='ocrx_word' id='word_1_3' title='bbox 273 490 352 550; x_wconf 86' lang='lat' dir='ltr'><em>tntis</em></span> <span class='ocrx_word' id='word_1_4' title='bbox 366 487 592 552; x_wconf 71' lang='lat' dir='ltr'><em>scholasticae:</em></span> <span class='ocrx_word' id='word_1_5' title='bbox 610 489 777 559; x_wconf 82' lang='lat' dir='ltr'><em>collectos,</em></span> <span class='ocrx_word' id='word_1_6' title='bbox 801 485 998 561; x_wconf 85' lang='lat' dir='ltr'><em>amendatos,</em></span> <span class='ocrx_word' id='word_1_7' title='bbox 1018 484 1181 573; x_wconf 55' lang='lat' dir='ltr'><em>digestus,</em></span> <span class='ocrx_word' id='word_1_8' title='bbox 1199 496 1233 550; x_wconf 92' lang='lat' dir='ltr'><em>et</em></span> <span class='ocrx_word' id='word_1_9' title='bbox 1245 507 1399 550; x_wconf 89' lang='lat' dir='ltr'><em>commen·</em></span> 
     </span>
     <span class='ocr_line' id='line_1_3' title="bbox 274 579 1402 667; baseline 0 -25"><span class='ocrx_word' id='word_1_10' title='bbox 274 584 358 644; x_wconf 87' lang='lat' dir='ltr'><em>tario</em></span> <span class='ocrx_word' id='word_1_11' title='bbox 375 603 496 667; x_wconf 83' lang='lat' dir='ltr'><em>quoqne</em></span> <span class='ocrx_word' id='word_1_12' title='bbox 519 584 699 666; x_wconf 69' lang='lat' dir='ltr'><em>conpositam,</em></span> <span class='ocrx_word' id='word_1_13' title='bbox 732 580 900 664; x_wconf 79' lang='lat' dir='ltr'><em>diligentia</em></span> <span class='ocrx_word' id='word_1_14' title='bbox 922 589 954 642; x_wconf 91' lang='lat' dir='ltr'><em>et</em></span> <span class='ocrx_word' id='word_1_15' title='bbox 976 580 1079 643; x_wconf 85' lang='lat' dir='ltr'><em>studio</em></span> <span class='ocrx_word' id='word_1_16' title='bbox 1100 582 1233 664; x_wconf 80' lang='lat' dir='ltr'><em>Georgii</em></span> <span class='ocrx_word' id='word_1_17' title='bbox 1254 579 1402 646; x_wconf 82' lang='lat' dir='ltr'><em>Fabricii</em></span> 
     </span>
     <span class='ocr_line' id='line_1_4' title="bbox 277 673 1394 758; baseline -0.003 -20"><span class='ocrx_word' id='word_1_18' title='bbox 277 675 518 739; x_wconf 88' lang='lat' dir='ltr'><em>Chemniccosis.</em></span> <span class='ocrx_word' id='word_1_19' title='bbox 537 677 569 738; x_wconf 91' lang='lat' dir='ltr'><em>ln</em></span> <span class='ocrx_word' id='word_1_20' title='bbox 585 675 659 739; x_wconf 84' lang='lat' dir='ltr'><em>hue:</em></span> <span class='ocrx_word' id='word_1_21' title='bbox 678 674 825 738; x_wconf 82' lang='lat' dir='ltr'><em>Basileon</em></span> <span class='ocrx_word' id='word_1_22' title='bbox 840 694 883 736; x_wconf 81' lang='lat' dir='ltr'><em>en</em></span> <span class='ocrx_word' id='word_1_23' title='bbox 900 673 1031 756; x_wconf 82' lang='lat' dir='ltr'><em>officina</em></span> <span class='ocrx_word' id='word_1_24' title='bbox 1047 675 1176 740; x_wconf 87' lang='lat' dir='ltr'><em>Ioannis</em></span> <span class='ocrx_word' id='word_1_25' title='bbox 1194 673 1327 758; x_wconf 87' lang='lat' dir='ltr'><em>Oporini</em></span> <span class='ocrx_word' id='word_1_26' title='bbox 1338 695 1394 737; x_wconf 90' lang='lat' dir='ltr'><em>on.</em></span> 
     </span>
     <span class='ocr_line' id='line_1_5' title="bbox 273 769 1397 853; baseline 0.001 -20"><span class='ocrx_word' id='word_1_27' title='bbox 273 772 334 834; x_wconf 87' lang='lat' dir='ltr'><em>sal.</em></span> <span class='ocrx_word' id='word_1_28' title='bbox 353 772 433 835; x_wconf 88' lang='lat' dir='ltr'><em>hum.</em></span> <span class='ocrx_word' id='word_1_29' title='bbox 450 773 492 835; x_wconf 89' lang='lat' dir='ltr'><em>M.</em></span> <span class='ocrx_word' id='word_1_30' title='bbox 512 773 548 835; x_wconf 90' lang='lat' dir='ltr'><em>D.</em></span> <span class='ocrx_word' id='word_1_31' title='bbox 566 770 689 849; x_wconf 82' lang='lat' dir='ltr'>LXIHI,</span> <span class='ocrx_word' id='word_1_32' title='bbox 707 778 738 832; x_wconf 92' lang='grc'><em>4.</em></span> <span class='ocrx_word' id='word_1_33' title='bbox 772 769 805 832; x_wconf 92' lang='lat' dir='ltr'><em>ln</em></span> <span class='ocrx_word' id='word_1_34' title='bbox 821 770 914 851; x_wconf 91' lang='lat' dir='ltr'><em>primo</em></span> <span class='ocrx_word' id='word_1_35' title='bbox 930 769 995 834; x_wconf 93' lang='lat' dir='ltr'><em>loco</em></span> <span class='ocrx_word' id='word_1_36' title='bbox 1010 770 1189 835; x_wconf 78' lang='lat' dir='ltr'><strong>Prudentius</strong></span> <span class='ocrx_word' id='word_1_37' title='bbox 1205 782 1268 848; x_wconf 85' lang='lat' dir='ltr'><em>est,</em></span> <span class='ocrx_word' id='word_1_38' title='bbox 1286 771 1322 834; x_wconf 85' lang='lat' dir='ltr'><em>he</em></span> <span class='ocrx_word' id='word_1_39' title='bbox 1336 793 1397 853; x_wconf 89' lang='lat' dir='ltr'><em>quo</em></span> 
     </span>
     <span class='ocr_line' id='line_1_6' title="bbox 272 864 1398 951; baseline 0.004 -25"><span class='ocrx_word' id='word_1_40' title='bbox 272 866 455 929; x_wconf 89' lang='lat' dir='ltr'><em>emendando</em></span> <span class='ocrx_word' id='word_1_41' title='bbox 464 867 620 930; x_wconf 83' lang='lat' dir='ltr'><em>Fabricius</em></span> <span class='ocrx_word' id='word_1_42' title='bbox 637 867 744 951; x_wconf 90' lang='lat' dir='ltr'><em>passim</em></span> <span class='ocrx_word' id='word_1_43' title='bbox 762 864 880 928; x_wconf 87' lang='lat' dir='ltr'><em>meruit.</em></span> <span class='ocrx_word' id='word_1_44' title='bbox 892 865 1053 928; x_wconf 84' lang='lat' dir='ltr'><em>—Eodem</em></span> <span class='ocrx_word' id='word_1_45' title='bbox 1070 887 1133 930; x_wconf 67' lang='lat' dir='ltr'><em>aun</em></span> <span class='ocrx_word' id='word_1_46' title='bbox 1152 866 1305 930; x_wconf 74' lang='lat' dir='ltr'><em>Arrolos</em></span> <span class='ocrx_word' id='word_1_47' title='bbox 1314 867 1398 930; x_wconf 83' lang='lat' dir='ltr'><em>Prn-</em></span> 
     </span>
     <span class='ocr_line' id='line_1_7' title="bbox 273 961 1398 1046; baseline -0.003 -18"><span class='ocrx_word' id='word_1_48' title='bbox 273 965 397 1028; x_wconf 86' lang='lat' dir='ltr'><em>dentias</em></span> <span class='ocrx_word' id='word_1_49' title='bbox 416 963 559 1028; x_wconf 80' lang='lat' dir='ltr'><em>Clemens</em></span> <span class='ocrx_word' id='word_1_50' title='bbox 575 963 733 1028; x_wconf 81' lang='lat' dir='ltr'><em>Theodori</em></span> <span class='ocrx_word' id='word_1_51' title='bbox 744 963 914 1027; x_wconf 87' lang='lat' dir='ltr'><em>Pulmanni</em></span> <span class='ocrx_word' id='word_1_52' title='bbox 929 961 1185 1046; x_wconf 72' lang='lat' dir='ltr'><em>(laurembergii,</em></span> <span class='ocrx_word' id='word_1_53' title='bbox 1202 973 1236 1025; x_wconf 90' lang='lat' dir='ltr'><em>ct</em></span> <span class='ocrx_word' id='word_1_54' title='bbox 1251 962 1398 1026; x_wconf 81' lang='lat' dir='ltr'><em>Victoris</em></span> 
     </span>
     <span class='ocr_line' id='line_1_8' title="bbox 275 1057 1399 1145; baseline 0.002 -23"><span class='ocrx_word' id='word_1_55' title='bbox 275 1058 410 1123; x_wconf 87' lang='lat' dir='ltr'><em>Giselini</em></span> <span class='ocrx_word' id='word_1_56' title='bbox 424 1082 540 1145; x_wconf 89' lang='lat' dir='ltr'><em>opera,</em></span> <span class='ocrx_word' id='word_1_57' title='bbox 564 1083 608 1126; x_wconf 81' lang='lat' dir='ltr'><em>eor</em></span> <span class='ocrx_word' id='word_1_58' title='bbox 619 1061 689 1145; x_wconf 79' lang='lat' dir='ltr'><em>fiale</em></span> <span class='ocrx_word' id='word_1_59' title='bbox 706 1060 809 1123; x_wconf 86' lang='lat' dir='ltr'><em>decem</em></span> <span class='ocrx_word' id='word_1_60' title='bbox 825 1057 974 1122; x_wconf 86' lang='lat' dir='ltr'><em>li&#39;brornm</em></span> <span class='ocrx_word' id='word_1_61' title='bbox 1000 1062 1278 1143; x_wconf 83' lang='lat' dir='ltr'><em>inconscriptorum</em></span> <span class='ocrx_word' id='word_1_62' title='bbox 1295 1081 1399 1124; x_wconf 89' lang='lat' dir='ltr'><em>einen-</em></span> 
     </span>
     <span class='ocr_line' id='line_1_9' title="bbox 271 1152 1399 1233; baseline 0 -15"><span class='ocrx_word' id='word_1_63' title='bbox 271 1157 377 1233; x_wconf 82' lang='lat' dir='ltr'><em>datos,</em></span> <span class='ocrx_word' id='word_1_64' title='bbox 395 1167 428 1219; x_wconf 91' lang='lat' dir='ltr'><em>et</em></span> <span class='ocrx_word' id='word_1_65' title='bbox 442 1159 474 1220; x_wconf 87' lang='lat' dir='ltr'><em>in</em></span> <span class='ocrx_word' id='word_1_66' title='bbox 501 1177 581 1233; x_wconf 87' lang='lat' dir='ltr'><em>enm,</em></span> <span class='ocrx_word' id='word_1_67' title='bbox 598 1156 731 1220; x_wconf 75' lang='lat' dir='ltr'><em>maedam</em></span> <span class='ocrx_word' id='word_1_68' title='bbox 743 1154 887 1217; x_wconf 90' lang='lat' dir='ltr'><em>Victoris</em></span> <span class='ocrx_word' id='word_1_69' title='bbox 898 1152 1033 1218; x_wconf 72' lang='lat' dir='ltr'><em>Gcscla&#39;ni</em></span> <span class='ocrx_word' id='word_1_70' title='bbox 1045 1157 1293 1218; x_wconf 85' lang='lat' dir='ltr'><em>commentarios.</em></span> <span class='ocrx_word' id='word_1_71' title='bbox 1311 1153 1399 1218; x_wconf 89' lang='lat' dir='ltr'><em>Ant·</em></span> 
     </span>
     <span class='ocr_line' id='line_1_10' title="bbox 271 1246 1395 1333; baseline -0.001 -23"><span class='ocrx_word' id='word_1_72' title='bbox 271 1254 399 1333; x_wconf 87' lang='lat' dir='ltr'><em>rccrpinc</em></span> <span class='ocrx_word' id='word_1_73' title='bbox 416 1271 459 1311; x_wconf 77' lang='lat' dir='ltr'><em>eor</em></span> <span class='ocrx_word' id='word_1_74' title='bbox 480 1248 609 1331; x_wconf 85' lang='lat' dir='ltr'><em>officina</em></span> <span class='ocrx_word' id='word_1_75' title='bbox 628 1247 851 1331; x_wconf 86' lang='lat' dir='ltr'><em>Christophori&#39;</em></span> <span class='ocrx_word' id='word_1_76' title='bbox 864 1246 1009 1310; x_wconf 78' lang='lat' dir='ltr'><em>Plautini</em></span> <span class='ocrx_word' id='word_1_77' title='bbox 1036 1247 1118 1314; x_wconf 78' lang='lat'><em>010.</em></span> <span class='ocrx_word' id='word_1_78' title='bbox 1132 1248 1191 1312; x_wconf 66' lang='lat'><em>104</em></span> <span class='ocrx_word' id='word_1_79' title='bbox 1205 1247 1327 1312; x_wconf 84' lang='lat' dir='ltr'><em>LXIV</em></span> <span class='ocrx_word' id='word_1_80' title='bbox 1327 1293 1336 1324; x_wconf 84' lang='lat'>,</span> <span class='ocrx_word' id='word_1_81' title='bbox 1362 1253 1395 1326; x_wconf 91' lang='lat'><em>8,</em></span> 
     </span>
     <span class='ocr_line' id='line_1_11' title="bbox 271 1340 1398 1425; baseline -0.001 -20"><span class='ocrx_word' id='word_1_82' title='bbox 271 1363 320 1425; x_wconf 92' lang='lat' dir='ltr'><em>pp.</em></span> <span class='ocrx_word' id='word_1_83' title='bbox 340 1350 420 1419; x_wconf 88' lang='lat'>350,</span> <span class='ocrx_word' id='word_1_84' title='bbox 446 1353 605 1406; x_wconf 90' lang='lat' dir='ltr'><em>comment.</em></span> <span class='ocrx_word' id='word_1_85' title='bbox 631 1340 763 1406; x_wconf 87' lang='lat' dir='ltr'><em>numeris</em></span> <span class='ocrx_word' id='word_1_86' title='bbox 780 1355 873 1404; x_wconf 89' lang='lat' dir='ltr'><em>caret.</em></span> <span class='ocrx_word' id='word_1_87' title='bbox 899 1340 1055 1424; x_wconf 90' lang='lat' dir='ltr'><em>Displicuit</em></span> <span class='ocrx_word' id='word_1_88' title='bbox 1076 1340 1203 1406; x_wconf 90' lang='lat' dir='ltr'><em>Giselini</em></span> <span class='ocrx_word' id='word_1_89' title='bbox 1219 1341 1398 1406; x_wconf 89' lang='lat' dir='ltr'><em>laconismus</em></span> 
     </span>
    </p>
   </div>
   <div class='ocr_carea' id='block_1_3' title="bbox 150 1420 1398 1524">
    <p class='ocr_par' dir='ltr' id='par_1_3' title="bbox 150 1420 1398 1524">
     <span class='ocr_line' id='line_1_12' title="bbox 150 1420 1398 1524; baseline 0.001 -28"><span class='ocrx_word' id='word_1_90' title='bbox 150 1513 156 1524; x_wconf 32' lang='grc' dir='ltr'>Ι</span> <span class='ocrx_word' id='word_1_91' title='bbox 271 1432 455 1517; x_wconf 84' lang='lat' dir='ltr'><em>Barthio²¹).</em></span> <span class='ocrx_word' id='word_1_92' title='bbox 474 1436 600 1500; x_wconf 90' lang='lat' dir='ltr'><em>Giselini</em></span> <span class='ocrx_word' id='word_1_93' title='bbox 613 1420 856 1498; x_wconf 87' lang='lat' dir='ltr'><em>commentarium</em></span> <span class='ocrx_word' id='word_1_94' title='bbox 870 1433 990 1498; x_wconf 86' lang='lat' dir='ltr'><em>brevem</em></span> <span class='ocrx_word' id='word_1_95' title='bbox 1007 1435 1136 1517; x_wconf 87' lang='lat' dir='ltr'><em>quidem,</em></span> <span class='ocrx_word' id='word_1_96' title='bbox 1154 1435 1207 1498; x_wconf 86' lang='lat' dir='ltr'><em>sed</em></span> <span class='ocrx_word' id='word_1_97' title='bbox 1221 1457 1274 1519; x_wconf 90' lang='lat' dir='ltr'><em>pro</em></span> <span class='ocrx_word' id='word_1_98' title='bbox 1290 1434 1398 1498; x_wconf 86' lang='lat' dir='ltr'><em>medici</em></span> 
     </span>
    </p>
   </div>
   <div class='ocr_carea' id='block_1_4' title="bbox 267 1531 1399 3701">
    <p class='ocr_par' dir='ltr' id='par_1_4' title="bbox 267 1531 1399 3493">
     <span class='ocr_line' id='line_1_13' title="bbox 269 1531 1397 1616; baseline 0 -22"><span class='ocrx_word' id='word_1_99' title='bbox 269 1542 357 1616; x_wconf 89' lang='lat' dir='ltr'><em>captu</em></span> <span class='ocrx_word' id='word_1_100' title='bbox 382 1533 458 1597; x_wconf 86' lang='lat' dir='ltr'><em>haud</em></span> <span class='ocrx_word' id='word_1_101' title='bbox 482 1535 631 1597; x_wconf 85' lang='lat' dir='ltr'><em>indoctum</em></span> <span class='ocrx_word' id='word_1_102' title='bbox 654 1533 806 1615; x_wconf 87' lang='lat' dir='ltr'><em>excipiunt</em></span> <span class='ocrx_word' id='word_1_103' title='bbox 828 1531 1009 1614; x_wconf 73' lang='lat' dir='ltr'><em>Symmachi</em></span> <span class='ocrx_word' id='word_1_104' title='bbox 1029 1542 1061 1595; x_wconf 91' lang='lat' dir='ltr'><em>et</em></span> <span class='ocrx_word' id='word_1_105' title='bbox 1081 1531 1247 1596; x_wconf 82' lang='lat' dir='ltr'><em>Ambrosii</em></span> <span class='ocrx_word' id='word_1_106' title='bbox 1268 1533 1306 1596; x_wconf 85' lang='lat' dir='ltr'><em>ilc</em></span> <span class='ocrx_word' id='word_1_107' title='bbox 1320 1533 1397 1596; x_wconf 88' lang='lat' dir='ltr'><em>reli-</em></span> 
     </span>
     <span class='ocr_line' id='line_1_14' title="bbox 267 1626 1398 1715; baseline -0.004 -23"><span class='ocrx_word' id='word_1_108' title='bbox 267 1632 364 1714; x_wconf 79' lang='lat' dir='ltr'><em>gione</em></span> <span class='ocrx_word' id='word_1_109' title='bbox 380 1633 530 1715; x_wconf 88' lang='lat' dir='ltr'><em>epistolae</em></span> <span class='ocrx_word' id='word_1_110' title='bbox 546 1631 747 1695; x_wconf 84' lang='lat' dir='ltr'><em>adversariae</em></span> <span class='ocrx_word' id='word_1_111' title='bbox 756 1628 849 1691; x_wconf 85' lang='lat' dir='ltr'><em>Petri</em></span> <span class='ocrx_word' id='word_1_112' title='bbox 857 1626 982 1690; x_wconf 85' lang='lat' dir='ltr'><em>Nannii</em></span> <span class='ocrx_word' id='word_1_113' title='bbox 991 1628 1195 1692; x_wconf 88' lang='lat' dir='ltr'><em>Alcmariuni</em></span> <span class='ocrx_word' id='word_1_114' title='bbox 1208 1637 1238 1692; x_wconf 90' lang='lat' dir='ltr'><em>ct</em></span> <span class='ocrx_word' id='word_1_115' title='bbox 1252 1626 1290 1690; x_wconf 92' lang='lat' dir='ltr'><em>V</em></span> <span class='ocrx_word' id='word_1_116' title='bbox 1287 1629 1398 1690; x_wconf 78' lang='lat' dir='ltr'><em>icteris</em></span> 
     </span>
     <span class='ocr_line' id='line_1_15' title="bbox 273 1719 1394 1805; baseline -0.006 -19"><span class='ocrx_word' id='word_1_117' title='bbox 273 1721 410 1786; x_wconf 78' lang='lat' dir='ltr'><em>Goselc&#39;ni</em></span> <span class='ocrx_word' id='word_1_118' title='bbox 428 1727 554 1787; x_wconf 74' lang='lat' dir='ltr'><em>scholiis</em></span> <span class='ocrx_word' id='word_1_119' title='bbox 577 1725 775 1798; x_wconf 81' lang='lat' dir='ltr'><em>illustratae,</em></span> <span class='ocrx_word' id='word_1_120' title='bbox 801 1719 837 1784; x_wconf 85' lang='lat' dir='ltr'><em>L.</em></span> <span class='ocrx_word' id='word_1_121' title='bbox 860 1721 991 1782; x_wconf 80' lang='lat' dir='ltr'><em>Aurelii</em></span> <span class='ocrx_word' id='word_1_122' title='bbox 1003 1719 1142 1784; x_wconf 87' lang='lat' dir='ltr'><em>Aoc&#39;anii</em></span> <span class='ocrx_word' id='word_1_123' title='bbox 1155 1719 1337 1805; x_wconf 78' lang='lat' dir='ltr'><em>Symmachi</em></span> <span class='ocrx_word' id='word_1_124' title='bbox 1350 1719 1394 1781; x_wconf 91' lang='lat' dir='ltr'><em>V.</em></span> 
     </span>
     <span class='ocr_line' id='line_1_16' title="bbox 274 1814 1397 1902; baseline -0.001 -23"><span class='ocrx_word' id='word_1_125' title='bbox 274 1815 311 1880; x_wconf 83' lang='lat' dir='ltr'><em>C.</em></span> <span class='ocrx_word' id='word_1_126' title='bbox 325 1819 489 1902; x_wconf 80' lang='lat' dir='ltr'><em>praesceti</em></span> <span class='ocrx_word' id='word_1_127' title='bbox 502 1820 575 1882; x_wconf 84' lang='lat' dir='ltr'><em>urbi</em></span> <span class='ocrx_word' id='word_1_128' title='bbox 587 1818 630 1881; x_wconf 89' lang='lat' dir='ltr'><em>ad</em></span> <span class='ocrx_word' id='word_1_129' title='bbox 645 1817 682 1881; x_wconf 84' lang='lat' dir='ltr'><em>V</em></span> <span class='ocrx_word' id='word_1_130' title='bbox 680 1818 775 1880; x_wconf 89' lang='lat' dir='ltr'><em>alent.</em></span> <span class='ocrx_word' id='word_1_131' title='bbox 789 1863 797 1893; x_wconf 94' lang='lat'><strong>‚</strong></span> <span class='ocrx_word' id='word_1_132' title='bbox 827 1814 946 1878; x_wconf 76' lang='lat' dir='ltr'><em>Theoti.</em></span> <span class='ocrx_word' id='word_1_133' title='bbox 972 1825 1003 1878; x_wconf 91' lang='lat' dir='ltr'><em>ct</em></span> <span class='ocrx_word' id='word_1_134' title='bbox 1018 1817 1141 1879; x_wconf 82' lang='lat' dir='ltr'><em>Arcuit.</em></span> <span class='ocrx_word' id='word_1_135' title='bbox 1161 1815 1253 1900; x_wconf 80' lang='lat' dir='ltr'><em>Aeg.</em></span> <span class='ocrx_word' id='word_1_136' title='bbox 1270 1816 1397 1881; x_wconf 83' lang='lat' dir='ltr'><em>Relatio</em></span> 
     </span>
     <span class='ocr_line' id='line_1_17' title="bbox 272 1907 1395 1994; baseline -0.001 -22"><span class='ocrx_word' id='word_1_137' title='bbox 272 1931 337 1972; x_wconf 93' lang='lat' dir='ltr'><em>oum</em></span> <span class='ocrx_word' id='word_1_138' title='bbox 357 1910 391 1974; x_wconf 86' lang='grc' dir='ltr'><em>Ρ.</em></span> <span class='ocrx_word' id='word_1_139' title='bbox 409 1911 534 1975; x_wconf 88' lang='lat' dir='ltr'><em>Nannii&#39;</em></span> <span class='ocrx_word' id='word_1_140' title='bbox 548 1923 581 1974; x_wconf 92' lang='lat' dir='ltr'><em>et</em></span> <span class='ocrx_word' id='word_1_141' title='bbox 596 1911 640 1975; x_wconf 91' lang='lat' dir='ltr'><em>V.</em></span> <span class='ocrx_word' id='word_1_142' title='bbox 664 1909 799 1973; x_wconf 83' lang='lat' dir='ltr'><em>Giselc&#39;rci</em></span> <span class='ocrx_word' id='word_1_143' title='bbox 812 1908 955 1981; x_wconf 86' lang='lat' dir='ltr'><em>scholiis,</em></span> <span class='ocrx_word' id='word_1_144' title='bbox 973 1907 1161 1972; x_wconf 84' lang='lat' dir='ltr'><em>Ambrosias</em></span> <span class='ocrx_word' id='word_1_145' title='bbox 1176 1913 1340 1994; x_wconf 75' lang='lat' dir='ltr'><em>episcopus</em></span> <span class='ocrx_word' id='word_1_146' title='bbox 1357 1908 1395 1972; x_wconf 89' lang='lat' dir='ltr'><em>B.</em></span> 
     </span>
     <span class='ocr_line' id='line_1_18' title="bbox 268 2003 1398 2091; baseline 0.003 -25"><span class='ocrx_word' id='word_1_147' title='bbox 268 2007 411 2090; x_wconf 77' lang='lat' dir='ltr'><em>principi</em></span> <span class='ocrx_word' id='word_1_148' title='bbox 424 2016 454 2069; x_wconf 87' lang='lat' dir='ltr'><em>et</em></span> <span class='ocrx_word' id='word_1_149' title='bbox 470 2007 705 2069; x_wconf 87' lang='lat' dir='ltr'><em>clementissimo</em></span> <span class='ocrx_word' id='word_1_150' title='bbox 723 2007 905 2089; x_wconf 86' lang='lat' dir='ltr'><em>imperatori</em></span> <span class='ocrx_word' id='word_1_151' title='bbox 920 2003 957 2066; x_wconf 90' lang='lat' dir='ltr'><em>V</em></span> <span class='ocrx_word' id='word_1_152' title='bbox 955 2004 1146 2069; x_wconf 89' lang='lat' dir='ltr'><em>alentiniano</em></span> <span class='ocrx_word' id='word_1_153' title='bbox 1161 2005 1313 2091; x_wconf 82' lang='lat' dir='ltr'><em>Augusto</em></span> <span class='ocrx_word' id='word_1_154' title='bbox 1329 2027 1398 2069; x_wconf 89' lang='lat' dir='ltr'><em>curn</em></span> 
     </span>
     <span class='ocr_line' id='line_1_19' title="bbox 272 2097 1399 2186; baseline 0 -22"><span class='ocrx_word' id='word_1_155' title='bbox 272 2100 308 2164; x_wconf 90' lang='lat' dir='ltr'><em>P.</em></span> <span class='ocrx_word' id='word_1_156' title='bbox 327 2099 451 2164; x_wconf 86' lang='lat' dir='ltr'><em>Nannii&#39;</em></span> <span class='ocrx_word' id='word_1_157' title='bbox 463 2112 493 2163; x_wconf 91' lang='lat' dir='ltr'><em>et</em></span> <span class='ocrx_word' id='word_1_158' title='bbox 510 2103 555 2165; x_wconf 92' lang='lat' dir='ltr'><em>V.</em></span> <span class='ocrx_word' id='word_1_159' title='bbox 576 2103 710 2168; x_wconf 78' lang='lat' dir='ltr'><em>Giselini</em></span> <span class='ocrx_word' id='word_1_160' title='bbox 722 2104 754 2164; x_wconf 91' lang='lat' dir='ltr'><em>in</em></span> <span class='ocrx_word' id='word_1_161' title='bbox 778 2099 905 2163; x_wconf 86' lang='lat' dir='ltr'><em>condem</em></span> <span class='ocrx_word' id='word_1_162' title='bbox 926 2097 1042 2161; x_wconf 85' lang='lat' dir='ltr'><em>hancce</em></span> <span class='ocrx_word' id='word_1_163' title='bbox 1056 2100 1221 2164; x_wconf 82' lang='lat' dir='ltr'><em>Ambrosii</em></span> <span class='ocrx_word' id='word_1_164' title='bbox 1234 2103 1399 2186; x_wconf 87' lang='lat' dir='ltr'><em>epistolam</em></span> 
     </span>
     <span class='ocr_line' id='line_1_20' title="bbox 270 2191 1397 2281; baseline 0.003 -24"><span class='ocrx_word' id='word_1_165' title='bbox 270 2194 412 2258; x_wconf 83' lang='lat' dir='ltr'><em>scholiis.</em></span> <span class='ocrx_word' id='word_1_166' title='bbox 437 2194 591 2260; x_wconf 85' lang='lat' dir='ltr'><em>Accedunt</em></span> <span class='ocrx_word' id='word_1_167' title='bbox 604 2193 782 2258; x_wconf 86' lang='lat' dir='ltr'><em>testeArev.</em></span> <span class='ocrx_word' id='word_1_168' title='bbox 794 2191 910 2256; x_wconf 76' lang='lat' dir='ltr'><em>Erasini</em></span> <span class='ocrx_word' id='word_1_169' title='bbox 926 2195 1129 2258; x_wconf 89' lang='lat' dir='ltr'><em>commentarii</em></span> <span class='ocrx_word' id='word_1_170' title='bbox 1146 2195 1272 2259; x_wconf 84' lang='lat' dir='ltr'><em>inCath.</em></span> <span class='ocrx_word' id='word_1_171' title='bbox 1292 2197 1397 2281; x_wconf 87' lang='lat' dir='ltr'><em>hymn.</em></span> 
     </span>
     <span class='ocr_line' id='line_1_21' title="bbox 270 2287 1396 2373; baseline 0.003 -24"><span class='ocrx_word' id='word_1_172' title='bbox 270 2287 314 2350; x_wconf 94' lang='lat' dir='ltr'><em>Xl</em></span> <span class='ocrx_word' id='word_1_173' title='bbox 331 2299 361 2350; x_wconf 89' lang='lat' dir='ltr'><em>et</em></span> <span class='ocrx_word' id='word_1_174' title='bbox 375 2288 445 2367; x_wconf 85' lang='lat' dir='ltr'><em>xii,</em></span> <span class='ocrx_word' id='word_1_175' title='bbox 465 2311 539 2372; x_wconf 92' lang='lat' dir='ltr'><em>quos</em></span> <span class='ocrx_word' id='word_1_176' title='bbox 555 2289 669 2372; x_wconf 83' lang='lat' dir='ltr'><em>quidem</em></span> <span class='ocrx_word' id='word_1_177' title='bbox 684 2288 757 2352; x_wconf 81' lang='lat' dir='ltr'><em>uhu.</em></span> <span class='ocrx_word' id='word_1_178' title='bbox 776 2287 938 2350; x_wconf 88' lang='lat' dir='ltr'><em>desiderari</em></span> <span class='ocrx_word' id='word_1_179' title='bbox 954 2287 1057 2350; x_wconf 82' lang='lat' dir='ltr'><em>scribit</em></span> <span class='ocrx_word' id='word_1_180' title='bbox 1071 2288 1203 2372; x_wconf 75' lang='lat' dir='ltr'><em>prolegg.</em></span> <span class='ocrx_word' id='word_1_181' title='bbox 1221 2310 1249 2373; x_wconf 91' lang='lat' dir='ltr'><em>p.</em></span> <span class='ocrx_word' id='word_1_182' title='bbox 1260 2287 1396 2365; x_wconf 89' lang='lat' dir='ltr'>XXXV,</span> 
     </span>
     <span class='ocr_line' id='line_1_22' title="bbox 270 2381 1395 2466; baseline 0.001 -22"><span class='ocrx_word' id='word_1_183' title='bbox 270 2393 333 2444; x_wconf 89' lang='lat' dir='ltr'><em>not.</em></span> <span class='ocrx_word' id='word_1_184' title='bbox 354 2390 404 2445; x_wconf 87' lang='lat'><em>35.</em></span> <span class='ocrx_word' id='word_1_185' title='bbox 435 2383 467 2445; x_wconf 90' lang='lat' dir='ltr'><em>ln</em></span> <span class='ocrx_word' id='word_1_186' title='bbox 492 2395 616 2466; x_wconf 84' lang='lat' dir='ltr'><em>utroque</em></span> <span class='ocrx_word' id='word_1_187' title='bbox 632 2381 768 2466; x_wconf 86' lang='lat' dir='ltr'><em>exemplo</em></span> <span class='ocrx_word' id='word_1_188' title='bbox 791 2403 857 2444; x_wconf 88' lang='lat' dir='ltr'><em>meo</em></span> <span class='ocrx_word' id='word_1_189' title='bbox 880 2401 947 2464; x_wconf 90' lang='lat' dir='ltr'><em>pars</em></span> <span class='ocrx_word' id='word_1_190' title='bbox 969 2382 1247 2444; x_wconf 86' lang='lat' dir='ltr'><em>commentariorum</em></span> <span class='ocrx_word' id='word_1_191' title='bbox 1269 2381 1395 2458; x_wconf 80' lang='lat' dir='ltr'><em>excisa3</em></span> 
     </span>
     <span class='ocr_line' id='line_1_23' title="bbox 271 2475 1395 2562; baseline 0 -22"><span class='ocrx_word' id='word_1_192' title='bbox 271 2497 335 2540; x_wconf 87' lang='lat' dir='ltr'><em>eain</em></span> <span class='ocrx_word' id='word_1_193' title='bbox 348 2478 466 2540; x_wconf 77' lang='lat' dir='ltr'><em>Erasini</em></span> <span class='ocrx_word' id='word_1_194' title='bbox 480 2489 578 2556; x_wconf 89' lang='lat' dir='ltr'><em>notas,</em></span> <span class='ocrx_word' id='word_1_195' title='bbox 597 2499 672 2562; x_wconf 89' lang='lat' dir='ltr'><em>quae</em></span> <span class='ocrx_word' id='word_1_196' title='bbox 685 2479 796 2541; x_wconf 87' lang='lat' dir='ltr'><em>Romae</em></span> <span class='ocrx_word' id='word_1_197' title='bbox 812 2476 1039 2560; x_wconf 87' lang='lat' dir='ltr'><em>displicuerunt,</em></span> <span class='ocrx_word' id='word_1_198' title='bbox 1057 2475 1229 2540; x_wconf 79' lang='lat' dir='ltr'><em>exhibuisse</em></span> <span class='ocrx_word' id='word_1_199' title='bbox 1245 2477 1395 2560; x_wconf 89' lang='lat' dir='ltr'><em>suspicor.</em></span> 
     </span>
     <span class='ocr_line' id='line_1_24' title="bbox 271 2569 1397 2653; baseline 0.006 -24"><span class='ocrx_word' id='word_1_200' title='bbox 271 2569 401 2653; x_wconf 80' lang='lat' dir='ltr'><em>Egregie</em></span> <span class='ocrx_word' id='word_1_201' title='bbox 418 2569 568 2634; x_wconf 88' lang='lat' dir='ltr'><em>Giselinus</em></span> <span class='ocrx_word' id='word_1_202' title='bbox 585 2572 620 2633; x_wconf 91' lang='lat' dir='ltr'><em>de</em></span> <span class='ocrx_word' id='word_1_203' title='bbox 636 2569 796 2634; x_wconf 84' lang='lat' dir='ltr'><em>Prudentia</em></span> <span class='ocrx_word' id='word_1_204' title='bbox 812 2570 935 2632; x_wconf 90' lang='lat' dir='ltr'><em>meritus</em></span> <span class='ocrx_word' id='word_1_205' title='bbox 952 2580 1010 2632; x_wconf 87' lang='lat' dir='ltr'><em>est.</em></span> <span class='ocrx_word' id='word_1_206' title='bbox 1042 2569 1154 2646; x_wconf 57' lang='lat' dir='ltr'><em>Codri„</em></span> <span class='ocrx_word' id='word_1_207' title='bbox 1172 2591 1245 2652; x_wconf 86' lang='lat' dir='ltr'><em>quos</em></span> <span class='ocrx_word' id='word_1_208' title='bbox 1262 2572 1293 2635; x_wconf 89' lang='lat' dir='ltr'><em>iu</em></span> <span class='ocrx_word' id='word_1_209' title='bbox 1309 2595 1397 2636; x_wconf 90' lang='lat' dir='ltr'><em>usuni</em></span> 
     </span>
     <span class='ocr_line' id='line_1_25' title="bbox 270 2665 1397 2747; baseline 0.004 -21"><span class='ocrx_word' id='word_1_210' title='bbox 270 2684 355 2727; x_wconf 88' lang='lat' dir='ltr'><em>sunm</em></span> <span class='ocrx_word' id='word_1_211' title='bbox 373 2665 434 2728; x_wconf 90' lang='lat' dir='ltr'><em>Gis.</em></span> <span class='ocrx_word' id='word_1_212' title='bbox 452 2677 483 2727; x_wconf 89' lang='lat' dir='ltr'><em>et</em></span> <span class='ocrx_word' id='word_1_213' title='bbox 498 2665 678 2729; x_wconf 90' lang='lat' dir='ltr'><em>Pulmaunus</em></span> <span class='ocrx_word' id='word_1_214' title='bbox 695 2676 929 2742; x_wconf 88' lang='lat' dir='ltr'><em>converterunt,</em></span> <span class='ocrx_word' id='word_1_215' title='bbox 947 2673 1067 2747; x_wconf 87' lang='lat' dir='ltr'><em>praeter</em></span> <span class='ocrx_word' id='word_1_216' title='bbox 1082 2666 1155 2729; x_wconf 86' lang='lat' dir='ltr'><em>duos</em></span> <span class='ocrx_word' id='word_1_217' title='bbox 1171 2665 1397 2732; x_wconf 85' lang='lat' dir='ltr'><em>Gandavienses</em></span> 
     </span>
     <span class='ocr_line' id='line_1_26' title="bbox 270 2758 1395 2845; baseline 0.01 -27"><span class='ocrx_word' id='word_1_218' title='bbox 270 2768 301 2818; x_wconf 90' lang='lat' dir='ltr'><em>et</em></span> <span class='ocrx_word' id='word_1_219' title='bbox 315 2779 406 2821; x_wconf 91' lang='lat' dir='ltr'><em>unum</em></span> <span class='ocrx_word' id='word_1_220' title='bbox 421 2758 522 2821; x_wconf 85' lang='lat' dir='ltr'><em>Lucae</em></span> <span class='ocrx_word' id='word_1_221' title='bbox 537 2760 672 2822; x_wconf 86' lang='lat' dir='ltr'><em>Merulae</em></span> <span class='ocrx_word' id='word_1_222' title='bbox 687 2770 756 2822; x_wconf 90' lang='lat' dir='ltr'><em>sunt</em></span> <span class='ocrx_word' id='word_1_223' title='bbox 771 2769 910 2840; x_wconf 86' lang='lat' dir='ltr'><em>quattuor</em></span> <span class='ocrx_word' id='word_1_224' title='bbox 926 2759 1145 2839; x_wconf 91' lang='lat' dir='ltr'><em>Pulmauniani‚</em></span> <span class='ocrx_word' id='word_1_225' title='bbox 1163 2785 1239 2830; x_wconf 92' lang='lat' dir='ltr'><em>nnus</em></span> <span class='ocrx_word' id='word_1_226' title='bbox 1256 2763 1395 2845; x_wconf 83' lang='lat' dir='ltr'><em>Gischini,</em></span> 
     </span>
     <span class='ocr_line' id='line_1_27' title="bbox 270 2855 1398 2945; baseline 0.006 -28"><span class='ocrx_word' id='word_1_227' title='bbox 270 2876 345 2918; x_wconf 93' lang='lat' dir='ltr'><em>uuus</em></span> <span class='ocrx_word' id='word_1_228' title='bbox 361 2857 537 2937; x_wconf 87' lang='lat' dir='ltr'><em>Antwerp.‚</em></span> <span class='ocrx_word' id='word_1_229' title='bbox 562 2877 638 2919; x_wconf 92' lang='lat' dir='ltr'><em>unus</em></span> <span class='ocrx_word' id='word_1_230' title='bbox 660 2855 856 2919; x_wconf 86' lang='lat' dir='ltr'><em>bibliothecae</em></span> <span class='ocrx_word' id='word_1_231' title='bbox 872 2855 1079 2936; x_wconf 88' lang='lat' dir='ltr'><em>Buslidiauae‚</em></span> <span class='ocrx_word' id='word_1_232' title='bbox 1096 2859 1186 2922; x_wconf 90' lang='lat' dir='ltr'><em>iidem</em></span> <span class='ocrx_word' id='word_1_233' title='bbox 1202 2881 1261 2922; x_wconf 92' lang='lat' dir='ltr'><em>uon</em></span> <span class='ocrx_word' id='word_1_234' title='bbox 1277 2880 1398 2945; x_wconf 87' lang='lat' dir='ltr'><em>semper</em></span> 
     </span>
     <span class='ocr_line' id='line_1_28' title="bbox 269 2947 1398 3036; baseline 0.002 -21"><span class='ocrx_word' id='word_1_235' title='bbox 269 2955 521 3036; x_wconf 84' lang='lat' dir='ltr'><em>praestantiores:</em></span> <span class='ocrx_word' id='word_1_236' title='bbox 540 2952 645 3035; x_wconf 88' lang='lat' dir='ltr'><em>quihus</em></span> <span class='ocrx_word' id='word_1_237' title='bbox 661 2951 776 3014; x_wconf 87' lang='lat' dir='ltr'><em>accedit</em></span> <span class='ocrx_word' id='word_1_238' title='bbox 792 2949 838 3012; x_wconf 87' lang='lat' dir='ltr'><em>ed.</em></span> <span class='ocrx_word' id='word_1_239' title='bbox 856 2947 1081 3015; x_wconf 83' lang='lat' dir='ltr'><em>Deventri&#39;ensis</em></span> <span class='ocrx_word' id='word_1_240' title='bbox 1097 2974 1125 3015; x_wconf 92' lang='lat' dir='ltr'><em>a.</em></span> <span class='ocrx_word' id='word_1_241' title='bbox 1148 2960 1239 3016; x_wconf 83' lang='lat'><em>1492.</em></span> <span class='ocrx_word' id='word_1_242' title='bbox 1271 2953 1304 3016; x_wconf 94' lang='lat' dir='ltr'><em>lu</em></span> <span class='ocrx_word' id='word_1_243' title='bbox 1321 2953 1398 3017; x_wconf 88' lang='lat' dir='ltr'><em>Ger-</em></span> 
     </span>
     <span class='ocr_line' id='line_1_29' title="bbox 270 3041 1396 3129; baseline -0.004 -21"><span class='ocrx_word' id='word_1_244' title='bbox 270 3047 366 3110; x_wconf 90' lang='lat' dir='ltr'><em>mania</em></span> <span class='ocrx_word' id='word_1_245' title='bbox 391 3057 422 3108; x_wconf 88' lang='lat' dir='ltr'><em>et</em></span> <span class='ocrx_word' id='word_1_246' title='bbox 448 3047 539 3129; x_wconf 87' lang='lat' dir='ltr'><em>piiuia</em></span> <span class='ocrx_word' id='word_1_247' title='bbox 562 3055 592 3108; x_wconf 91' lang='lat' dir='ltr'><em>et</em></span> <span class='ocrx_word' id='word_1_248' title='bbox 612 3045 708 3108; x_wconf 85' lang='lat' dir='ltr'><em>altera</em></span> <span class='ocrx_word' id='word_1_249' title='bbox 725 3043 850 3107; x_wconf 90' lang='lat' dir='ltr'><em>Giselini</em></span> <span class='ocrx_word' id='word_1_250' title='bbox 867 3041 958 3105; x_wconf 84' lang='lat' dir='ltr'><em>editio</em></span> <span class='ocrx_word' id='word_1_251' title='bbox 981 3065 1051 3108; x_wconf 89' lang='lat' dir='ltr'><em>rara</em></span> <span class='ocrx_word' id='word_1_252' title='bbox 1074 3065 1143 3112; x_wconf 89' lang='lat' dir='ltr'><em>esse</em></span> <span class='ocrx_word' id='word_1_253' title='bbox 1158 3046 1295 3110; x_wconf 80' lang='lat' dir='ltr'><em>ridetur:</em></span> <span class='ocrx_word' id='word_1_254' title='bbox 1321 3068 1396 3110; x_wconf 91' lang='lat' dir='ltr'><em>neu.</em></span> 
     </span>
     <span class='ocr_line' id='line_1_30' title="bbox 269 3138 1395 3225; baseline 0.002 -22"><span class='ocrx_word' id='word_1_255' title='bbox 269 3151 345 3205; x_wconf 87' lang='lat' dir='ltr'><em>trem</em></span> <span class='ocrx_word' id='word_1_256' title='bbox 362 3140 507 3204; x_wconf 85' lang='lat' dir='ltr'><em>Obbarius</em></span> <span class='ocrx_word' id='word_1_257' title='bbox 524 3141 657 3205; x_wconf 88' lang='lat' dir='ltr'><em>nancisci</em></span> <span class='ocrx_word' id='word_1_258' title='bbox 673 3141 777 3224; x_wconf 88' lang='lat' dir='ltr'><em>potuit.</em></span> <span class='ocrx_word' id='word_1_259' title='bbox 803 3140 900 3219; x_wconf 84' lang='lat' dir='ltr'><em>Quare</em></span> <span class='ocrx_word' id='word_1_260' title='bbox 912 3139 1071 3203; x_wconf 82' lang='lat' dir='ltr'><em>Arevalum</em></span> <span class='ocrx_word' id='word_1_261' title='bbox 1084 3151 1205 3205; x_wconf 89' lang='lat' dir='ltr'><em>secutus</em></span> <span class='ocrx_word' id='word_1_262' title='bbox 1220 3138 1395 3225; x_wconf 82' lang='lat' dir='ltr'><em>saepissime</em></span> 
     </span>
     <span class='ocr_line' id='line_1_31' title="bbox 270 3233 1393 3321; baseline 0.003 -23"><span class='ocrx_word' id='word_1_263' title='bbox 270 3255 310 3298; x_wconf 83' lang='lat' dir='ltr'><em>ex</em></span> <span class='ocrx_word' id='word_1_264' title='bbox 337 3246 461 3320; x_wconf 89' lang='lat' dir='ltr'><em>utraque</em></span> <span class='ocrx_word' id='word_1_265' title='bbox 483 3235 679 3319; x_wconf 85' lang='lat' dir='ltr'><em>corrigendus</em></span> <span class='ocrx_word' id='word_1_266' title='bbox 702 3246 777 3297; x_wconf 88' lang='lat' dir='ltr'><em>erat.</em></span> <span class='ocrx_word' id='word_1_267' title='bbox 808 3233 943 3315; x_wconf 85' lang='lat' dir='ltr'><em>Nollem,</em></span> <span class='ocrx_word' id='word_1_268' title='bbox 969 3236 1057 3301; x_wconf 89' lang='lat' dir='ltr'><em>toties</em></span> <span class='ocrx_word' id='word_1_269' title='bbox 1079 3237 1180 3302; x_wconf 74' lang='lat' dir='ltr'><em>vanas</em></span> <span class='ocrx_word' id='word_1_270' title='bbox 1203 3237 1317 3321; x_wconf 90' lang='lat' dir='ltr'><em>primae</em></span> <span class='ocrx_word' id='word_1_271' title='bbox 1344 3240 1393 3303; x_wconf 86' lang='lat' dir='ltr'><em>ed.</em></span> 
     </span>
     <span class='ocr_line' id='line_1_32' title="bbox 269 3329 1395 3414; baseline 0.001 -20"><span class='ocrx_word' id='word_1_272' title='bbox 269 3331 411 3399; x_wconf 88' lang='lat' dir='ltr'><em>lectiones</em></span> <span class='ocrx_word' id='word_1_273' title='bbox 427 3353 492 3395; x_wconf 91' lang='lat' dir='ltr'><em>eum</em></span> <span class='ocrx_word' id='word_1_274' title='bbox 513 3332 659 3395; x_wconf 86' lang='lat' dir='ltr'><em>secundae</em></span> <span class='ocrx_word' id='word_1_275' title='bbox 676 3329 821 3394; x_wconf 88' lang='lat' dir='ltr'><em>Obbarins</em></span> <span class='ocrx_word' id='word_1_276' title='bbox 844 3329 1046 3409; x_wconf 85' lang='lat' dir='ltr'><em>confudisset,</em></span> <span class='ocrx_word' id='word_1_277' title='bbox 1069 3331 1187 3414; x_wconf 89' lang='lat' dir='ltr'><em>quoties</em></span> <span class='ocrx_word' id='word_1_278' title='bbox 1208 3331 1238 3394; x_wconf 87' lang='lat' dir='ltr'><em>id</em></span> <span class='ocrx_word' id='word_1_279' title='bbox 1260 3329 1297 3394; x_wconf 89' lang='lat' dir='ltr'><em>ab</em></span> <span class='ocrx_word' id='word_1_280' title='bbox 1318 3331 1395 3395; x_wconf 85' lang='lat' dir='ltr'><em>Are·</em></span> 
     </span>
     <span class='ocr_line' id='line_1_33' title="bbox 268 3427 533 3493; baseline -0.008 -3"><span class='ocrx_word' id='word_1_281' title='bbox 268 3427 336 3490; x_wconf 90' lang='lat' dir='ltr'><em>valo</em></span> <span class='ocrx_word' id='word_1_282' title='bbox 352 3429 461 3493; x_wconf 87' lang='lat' dir='ltr'><em>iactum</em></span> <span class='ocrx_word' id='word_1_283' title='bbox 477 3438 533 3490; x_wconf 89' lang='lat' dir='ltr'><em>est.</em></span> 
     </span>
    </p>

    <p class='ocr_par' dir='ltr' id='par_1_5' title="bbox 269 3521 1395 3701">
     <span class='ocr_line' id='line_1_34' title="bbox 354 3521 1394 3610; baseline -0.005 -20"><span class='ocrx_word' id='word_1_284' title='bbox 354 3526 520 3590; x_wconf 82' lang='lat' dir='ltr'><em>Procdentii</em></span> <span class='ocrx_word' id='word_1_285' title='bbox 540 3546 636 3610; x_wconf 87' lang='lat' dir='ltr'><em>opero</em></span> <span class='ocrx_word' id='word_1_286' title='bbox 666 3545 686 3586; x_wconf 92' lang='lat' dir='ltr'><em>a</em></span> <span class='ocrx_word' id='word_1_287' title='bbox 711 3521 844 3586; x_wconf 90' lang='lat' dir='ltr'><em>Victore</em></span> <span class='ocrx_word' id='word_1_288' title='bbox 868 3522 1007 3587; x_wconf 84' lang='lat' dir='ltr'><em>Giseli&#39;no</em></span> <span class='ocrx_word' id='word_1_289' title='bbox 1036 3533 1180 3586; x_wconf 88' lang='lat' dir='ltr'><em>correcta</em></span> <span class='ocrx_word' id='word_1_290' title='bbox 1210 3531 1241 3586; x_wconf 90' lang='lat' dir='ltr'><em>el</em></span> <span class='ocrx_word' id='word_1_291' title='bbox 1261 3532 1394 3586; x_wconf 85' lang='lat' dir='ltr'><em>annota-</em></span> 
     </span>
     <span class='ocr_line' id='line_1_35' title="bbox 269 3616 1395 3701; baseline -0.002 -19"><span class='ocrx_word' id='word_1_292' title='bbox 269 3618 404 3682; x_wconf 85' lang='lat' dir='ltr'><em>tionibus</em></span> <span class='ocrx_word' id='word_1_293' title='bbox 427 3620 601 3682; x_wconf 85' lang='lat' dir='ltr'><em>illnstrato.</em></span> <span class='ocrx_word' id='word_1_294' title='bbox 641 3617 783 3694; x_wconf 91' lang='lat' dir='ltr'><em>Parisiis,</em></span> <span class='ocrx_word' id='word_1_295' title='bbox 807 3616 934 3682; x_wconf 86' lang='lat' dir='ltr'><em>Marnel.</em></span> <span class='ocrx_word' id='word_1_296' title='bbox 962 3620 1140 3693; x_wconf 84' lang='grc'><strong>1566,16,</strong></span> <span class='ocrx_word' id='word_1_297' title='bbox 1164 3637 1212 3701; x_wconf 90' lang='lat' dir='ltr'><em>pp.</em></span> <span class='ocrx_word' id='word_1_298' title='bbox 1234 3623 1304 3678; x_wconf 83' lang='lat'><em>140.</em></span> <span class='ocrx_word' id='word_1_299' title='bbox 1338 3617 1395 3680; x_wconf 86' lang='lat' dir='ltr'><em>Est</em></span> 
     </span>
    </p>
   </div>
   <div class='ocr_carea' id='block_1_5' title="bbox 267 3777 1394 4400">
    <p class='ocr_par' dir='ltr' id='par_1_6' title="bbox 267 3777 1394 4400">
     <span class='ocr_line' id='line_1_36' title="bbox 337 3777 1394 3846; baseline 0 -15"><span class='ocrx_word' id='word_1_300' title='bbox 337 3781 383 3846; x_wconf 77' lang='grc'><em>21)</em></span> <span class='ocrx_word' id='word_1_301' title='bbox 401 3780 465 3831; x_wconf 76' lang='lat' dir='ltr'><em>hdr.</em></span> <span class='ocrx_word' id='word_1_302' title='bbox 482 3777 528 3844; x_wconf 87' lang='grc' dir='ltr'><em>ΙΧ,</em></span> <span class='ocrx_word' id='word_1_303' title='bbox 543 3780 595 3831; x_wconf 72' lang='lat'><em>202</em></span> <span class='ocrx_word' id='word_1_304' title='bbox 617 3783 712 3845; x_wconf 87' lang='lat' dir='ltr'><em>„homo</em></span> <span class='ocrx_word' id='word_1_305' title='bbox 730 3789 818 3832; x_wconf 83' lang='lat' dir='ltr'><em>tautae</em></span> <span class='ocrx_word' id='word_1_306' title='bbox 830 3781 1045 3846; x_wconf 81' lang='lat' dir='ltr'><em>praesumtionis,</em></span> <span class='ocrx_word' id='word_1_307' title='bbox 1059 3787 1088 3830; x_wconf 93' lang='lat' dir='ltr'><em>ut</em></span> <span class='ocrx_word' id='word_1_308' title='bbox 1100 3778 1305 3832; x_wconf 87' lang='lat' dir='ltr'><em>commentarium</em></span> <span class='ocrx_word' id='word_1_309' title='bbox 1318 3789 1394 3831; x_wconf 88' lang='lat' dir='ltr'><em>notas</em></span> 
     </span>
     <span class='ocr_line' id='line_1_37' title="bbox 268 3848 1394 3916; baseline -0.003 -14"><span class='ocrx_word' id='word_1_310' title='bbox 268 3866 329 3903; x_wconf 84' lang='lat' dir='ltr'><em>suas</em></span> <span class='ocrx_word' id='word_1_311' title='bbox 348 3851 489 3900; x_wconf 82' lang='lat' dir='ltr'><em>inscribere</em></span> <span class='ocrx_word' id='word_1_312' title='bbox 508 3851 651 3900; x_wconf 86' lang='lat' dir='ltr'><em>volucrit.“</em></span> <span class='ocrx_word' id='word_1_313' title='bbox 682 3848 879 3909; x_wconf 68' lang='lat' dir='ltr'><em>retexisti:</em></span> <span class='ocrx_word' id='word_1_314' title='bbox 904 3853 950 3913; x_wconf 87' lang='lat' dir='ltr'><em>„A</em></span> <span class='ocrx_word' id='word_1_315' title='bbox 962 3866 1023 3900; x_wconf 86' lang='lat' dir='ltr'><em>vero</em></span> <span class='ocrx_word' id='word_1_316' title='bbox 1042 3851 1067 3900; x_wconf 90' lang='lat' dir='ltr'><em>in</em></span> <span class='ocrx_word' id='word_1_317' title='bbox 1086 3856 1204 3916; x_wconf 81' lang='lat' dir='ltr'><em>atraque</em></span> <span class='ocrx_word' id='word_1_318' title='bbox 1223 3865 1271 3898; x_wconf 91' lang='lat' dir='ltr'><em>uon</em></span> <span class='ocrx_word' id='word_1_319' title='bbox 1284 3849 1394 3900; x_wconf 81' lang='lat' dir='ltr'><em>debebat</em></span> 
     </span>
     <span class='ocr_line' id='line_1_38' title="bbox 268 3918 1394 3986; baseline -0.002 -16"><span class='ocrx_word' id='word_1_320' title='bbox 268 3927 365 3970; x_wconf 90' lang='lat' dir='ltr'><em>tautum</em></span> <span class='ocrx_word' id='word_1_321' title='bbox 379 3919 476 3984; x_wconf 80' lang='lat' dir='ltr'><em>negocij</em></span> <span class='ocrx_word' id='word_1_322' title='bbox 492 3919 553 3968; x_wconf 87' lang='lat' dir='ltr'><em>dare</em></span> <span class='ocrx_word' id='word_1_323' title='bbox 568 3918 699 3982; x_wconf 86' lang='lat' dir='ltr'><em>Giseiiuo,</em></span> <span class='ocrx_word' id='word_1_324' title='bbox 713 3921 767 3970; x_wconf 87' lang='lat' dir='ltr'><em>viro</em></span> <span class='ocrx_word' id='word_1_325' title='bbox 780 3918 857 3986; x_wconf 88' lang='lat' dir='ltr'><em>probo</em></span> <span class='ocrx_word' id='word_1_326' title='bbox 869 3955 875 3979; x_wconf 91' lang='lat'>‚</span> <span class='ocrx_word' id='word_1_327' title='bbox 889 3928 916 3969; x_wconf 89' lang='lat' dir='ltr'><em>et</em></span> <span class='ocrx_word' id='word_1_328' title='bbox 929 3921 1046 3981; x_wconf 82' lang='lat' dir='ltr'><em>erudito,</em></span> <span class='ocrx_word' id='word_1_329' title='bbox 1061 3919 1090 3968; x_wconf 87' lang='lat' dir='ltr'><em>de</em></span> <span class='ocrx_word' id='word_1_330' title='bbox 1105 3933 1210 3983; x_wconf 88' lang='lat' dir='ltr'><em>quornm</em></span> <span class='ocrx_word' id='word_1_331' title='bbox 1224 3918 1305 3969; x_wconf 86' lang='lat' dir='ltr'><em>altero</em></span> <span class='ocrx_word' id='word_1_332' title='bbox 1320 3920 1394 3968; x_wconf 88' lang='lat' dir='ltr'><em>uobis</em></span> 
     </span>
     <span class='ocr_line' id='line_1_39' title="bbox 269 3986 1393 4055; baseline -0.003 -16"><span class='ocrx_word' id='word_1_333' title='bbox 269 4003 300 4039; x_wconf 84' lang='lat' dir='ltr'><em>ex</em></span> <span class='ocrx_word' id='word_1_334' title='bbox 315 3989 439 4039; x_wconf 81' lang='lat' dir='ltr'><em>relatione</em></span> <span class='ocrx_word' id='word_1_335' title='bbox 454 3988 582 4037; x_wconf 88' lang='lat' dir='ltr'><em>doctorum</em></span> <span class='ocrx_word' id='word_1_336' title='bbox 598 3987 679 4038; x_wconf 88' lang='lat' dir='ltr'><em>altero</em></span> <span class='ocrx_word' id='word_1_337' title='bbox 692 3989 791 4055; x_wconf 85' lang='lat' dir='ltr'><em>publice</em></span> <span class='ocrx_word' id='word_1_338' title='bbox 806 3986 919 4038; x_wconf 88' lang='lat' dir='ltr'><em>omnibus</em></span> <span class='ocrx_word' id='word_1_339' title='bbox 933 3996 1051 4052; x_wconf 89' lang='lat' dir='ltr'><em>constat,</em></span> <span class='ocrx_word' id='word_1_340' title='bbox 1072 3989 1145 4038; x_wconf 87' lang='lat' dir='ltr'><em>inodo</em></span> <span class='ocrx_word' id='word_1_341' title='bbox 1165 4003 1213 4037; x_wconf 91' lang='lat' dir='ltr'><em>nou</em></span> <span class='ocrx_word' id='word_1_342' title='bbox 1227 3987 1320 4038; x_wconf 90' lang='lat' dir='ltr'><em>nimius</em></span> <span class='ocrx_word' id='word_1_343' title='bbox 1333 4003 1393 4037; x_wconf 90' lang='lat' dir='ltr'><em>sua·</em></span> 
     </span>
     <span class='ocr_line' id='line_1_40' title="bbox 269 4055 1392 4123; baseline -0.001 -16"><span class='ocrx_word' id='word_1_344' title='bbox 269 4072 323 4108; x_wconf 91' lang='lat' dir='ltr'><em>rum</em></span> <span class='ocrx_word' id='word_1_345' title='bbox 349 4073 482 4123; x_wconf 87' lang='lat' dir='ltr'><em>operarum</em></span> <span class='ocrx_word' id='word_1_346' title='bbox 507 4057 655 4107; x_wconf 87' lang='lat' dir='ltr'><em>aestimator</em></span> <span class='ocrx_word' id='word_1_347' title='bbox 680 4057 788 4121; x_wconf 87' lang='lat' dir='ltr'><em>luisset,</em></span> <span class='ocrx_word' id='word_1_348' title='bbox 813 4064 841 4106; x_wconf 89' lang='lat' dir='ltr'><em>nt</em></span> <span class='ocrx_word' id='word_1_349' title='bbox 865 4073 919 4106; x_wconf 89' lang='lat' dir='ltr'><em>cum</em></span> <span class='ocrx_word' id='word_1_350' title='bbox 944 4057 1151 4108; x_wconf 86' lang='lat' dir='ltr'><em>commentorium</em></span> <span class='ocrx_word' id='word_1_351' title='bbox 1176 4057 1201 4105; x_wconf 91' lang='lat' dir='ltr'><em>iu</em></span> <span class='ocrx_word' id='word_1_352' title='bbox 1224 4055 1392 4107; x_wconf 79' lang='lat' dir='ltr'><em>Prudentiori</em></span> 
     </span>
     <span class='ocr_line' id='line_1_41' title="bbox 269 4125 1391 4194; baseline -0.004 -16"><span class='ocrx_word' id='word_1_353' title='bbox 269 4127 404 4194; x_wconf 84' lang='lat' dir='ltr'><em>scripsisse</em></span> <span class='ocrx_word' id='word_1_354' title='bbox 423 4126 477 4190; x_wconf 88' lang='lat' dir='ltr'><em>ait,</em></span> <span class='ocrx_word' id='word_1_355' title='bbox 498 4140 593 4192; x_wconf 86' lang='lat' dir='ltr'><em>paucas</em></span> <span class='ocrx_word' id='word_1_356' title='bbox 612 4127 671 4177; x_wconf 87' lang='lat' dir='ltr'><em>iilos</em></span> <span class='ocrx_word' id='word_1_357' title='bbox 690 4127 795 4191; x_wconf 74' lang='lat' dir='ltr'><em>paginas</em></span> <span class='ocrx_word' id='word_1_358' title='bbox 818 4126 881 4177; x_wconf 88' lang='lat' dir='ltr'><em>tanti</em></span> <span class='ocrx_word' id='word_1_359' title='bbox 901 4126 1008 4178; x_wconf 83' lang='lat' dir='ltr'><em>iaciens.</em></span> <span class='ocrx_word' id='word_1_360' title='bbox 1039 4125 1240 4177; x_wconf 85' lang='lat' dir='ltr'><em>Commentarius</em></span> <span class='ocrx_word' id='word_1_361' title='bbox 1260 4132 1345 4176; x_wconf 84' lang='lat' dir='ltr'><em>antem</em></span> <span class='ocrx_word' id='word_1_362' title='bbox 1365 4127 1391 4174; x_wconf 87' lang='lat' dir='ltr'><em>in</em></span> 
     </span>
     <span class='ocr_line' id='line_1_42' title="bbox 270 4193 1393 4262; baseline -0.001 -17"><span class='ocrx_word' id='word_1_363' title='bbox 270 4194 433 4247; x_wconf 72' lang='lat' dir='ltr'><em>prudentium</em></span> <span class='ocrx_word' id='word_1_364' title='bbox 455 4195 604 4246; x_wconf 84' lang='lat' dir='ltr'><em>accessesit</em></span> <span class='ocrx_word' id='word_1_365' title='bbox 617 4195 751 4246; x_wconf 87' lang='lat' dir='ltr'><em>multorum</em></span> <span class='ocrx_word' id='word_1_366' title='bbox 762 4211 882 4246; x_wconf 90' lang='lat' dir='ltr'><em>annorum</em></span> <span class='ocrx_word' id='word_1_367' title='bbox 896 4211 968 4262; x_wconf 90' lang='lat' dir='ltr'><em>opus,</em></span> <span class='ocrx_word' id='word_1_368' title='bbox 982 4195 1007 4245; x_wconf 91' lang='lat' dir='ltr'><em>in</em></span> <span class='ocrx_word' id='word_1_369' title='bbox 1018 4210 1067 4259; x_wconf 88' lang='lat' dir='ltr'><em>qno</em></span> <span class='ocrx_word' id='word_1_370' title='bbox 1077 4195 1153 4244; x_wconf 85' lang='lat' dir='ltr'><em>atiani</em></span> <span class='ocrx_word' id='word_1_371' title='bbox 1167 4193 1393 4259; x_wconf 76' lang='lat' dir='ltr'><em>ingeniosissimos</em></span> 
     </span>
     <span class='ocr_line' id='line_1_43' title="bbox 267 4263 1390 4330; baseline 0 -16"><span class='ocrx_word' id='word_1_372' title='bbox 267 4271 295 4314; x_wconf 86' lang='lat' dir='ltr'><em>et</em></span> <span class='ocrx_word' id='word_1_373' title='bbox 308 4265 509 4327; x_wconf 87' lang='lat' dir='ltr'><em>eruditissimus,</em></span> <span class='ocrx_word' id='word_1_374' title='bbox 532 4271 558 4314; x_wconf 88' lang='lat' dir='ltr'><em>et</em></span> <span class='ocrx_word' id='word_1_375' title='bbox 571 4264 790 4316; x_wconf 85' lang='lat' dir='ltr'><em>laboriosissimus</em></span> <span class='ocrx_word' id='word_1_376' title='bbox 803 4264 859 4329; x_wconf 91' lang='lat' dir='ltr'><em>quis</em></span> <span class='ocrx_word' id='word_1_377' title='bbox 879 4279 976 4315; x_wconf 86' lang='lat' dir='ltr'><em>onnam</em></span> <span class='ocrx_word' id='word_1_378' title='bbox 989 4263 1139 4315; x_wconf 83' lang='lat' dir='ltr'><em>industrium</em></span> <span class='ocrx_word' id='word_1_379' title='bbox 1158 4263 1238 4330; x_wconf 89' lang='lat' dir='ltr'><em>possit</em></span> <span class='ocrx_word' id='word_1_380' title='bbox 1250 4263 1390 4326; x_wconf 86' lang='lat' dir='ltr'><em>insumere,</em></span> 
     </span>
     <span class='ocr_line' id='line_1_44' title="bbox 267 4333 577 4400; baseline 0 -16"><span class='ocrx_word' id='word_1_381' title='bbox 267 4334 361 4400; x_wconf 83' lang='lat' dir='ltr'><em>optino</em></span> <span class='ocrx_word' id='word_1_382' title='bbox 376 4333 577 4385; x_wconf 80' lang='lat' dir='ltr'><em>mortalitatis.“</em></span> 
     </span>
    </p>
   </div>
   <div class='ocr_carea' id='block_1_6' title="bbox 0 0 1532 4820">
    <p class='ocr_par' dir='ltr' id='par_1_7' title="bbox 0 0 1532 4820">
     <span class='ocr_line' id='line_1_45' title="bbox 0 0 1532 4820; baseline 0 0"><span class='ocrx_word' id='word_1_383' title='bbox 0 0 1532 4820; x_wconf 95' lang='lat' dir='ltr'><em> </em></span> 
     </span>
    </p>
   </div>
  </div>
 </body>
</html>
