3018 4826
635 265 712 319 AUR.
728 263 912 319 rnbbniirn
926 265 1030 318 ctbtt.

524 453 700 533 „decumbe
716 455 812 530 digna
827 453 958 526 leetntb.

525 549 654 627 „Tune
673 550 700 610 si
715 549 836 625 libebit,
858 549 994 626 disputa,

525 646 595 724 „nil
612 660 683 706 esse
701 641 877 708 Vulcanum
894 651 1039 707 menm.“

587 741 673 803 Haec
690 740 777 802 iante
791 741 950 818 praetento
966 744 1074 802 truces

524 837 597 899 bine
612 835 685 896 inbe
700 837 838 896 ibriones
853 838 966 910 parant

525 933 642 995 nutare
658 932 774 992 anrietn
791 935 975 1008 martyrem,

524 1026 645 1088 vincire
659 1025 797 1085 membra
813 1027 845 1085 et
860 1023 998 1085 tendere.

588 1117 638 1182 ilii
653 1134 690 1181 es
705 1119 816 1181 ieenre
832 1120 991 1196 splenduit

525 1217 693 1294 brigorpue
708 1216 921 1278 circumtusus
937 1219 998 1289 est,

526 1314 621 1374 taleni
636 1314 798 1373 revertens
815 1310 929 1386 legiter

525 1410 564 1470 te
579 1411 684 1468 rnbnte
699 1406 820 1470 vultum
837 1406 969 1468 detulit:

589 1497 702 1562 Iudaea
718 1513 808 1577 quern
825 1499 913 1574 plebs
929 1513 1025 1561 anren

527 1601 604 1659 bove
618 1597 782 1673 inquinata
797 1599 830 1657 et
844 1595 971 1657 ieeoior

527 1691 654 1767 expavit
670 1693 701 1750 et
717 1690 827 1751 taeieni
843 1693 929 1750 retrb

528 1785 659 1848 detorsit
676 1783 830 1860 inpatiens
846 1781 917 1846 Dei.

597 1875 769 1954 ratemque
785 1881 817 1939 et
830 1877 885 1938 ilie
899 1878 1050 1954 praetulit

527 1972 592 2035 nris
608 1973 730 2034 corusci
746 1971 880 2048 gloriam

530 2062 708 2142 Stephanus
723 2080 779 2141 per
793 2066 922 2127 imbrem
938 2080 1071 2128 saxeum

529 2161 633 2224 eaelns
647 2165 774 2237 aperies
788 2161 926 2223 intuens.

593 2255 817 2320 inluminatam
832 2260 891 2320 boe
906 2259 1028 2320 eminus

529 2365 638 2412 reeens
653 2351 748 2428 piatis
764 2351 927 2426 fininibus,

531 2446 682 2522 baptisma
698 2458 778 2520 qnos
794 2457 893 2520 nuper
909 2445 1015 2506 bainna

531 2539 650 2608 Christi
666 2557 796 2618 capaces
813 2542 942 2604 iecerat.

595 2636 657 2700 Ast
670 2639 826 2714 inpiorum
843 2637 990 2711 caecitas,

532 2750 567 2796 ns
583 2735 714 2796 oblitum
730 2735 831 2796 noetis
847 2735 911 2796 situ

532 2830 678 2904 nigrante
692 2829 752 2890 sub
767 2828 921 2890 velamine

535 2922 668 2983 obtinete
683 2920 803 2982 clarum
818 2935 881 2983 nen
896 2921 1000 2982 vibet:

595 3014 772 3090 Aegyptiae
786 3014 898 3090 plagae
912 3015 946 3076 in
962 3014 1098 3090 monum,

533 3123 613 3188 qnae
628 3124 698 3171 enin
714 3108 852 3171 tenebris
868 3108 1019 3170 barbaros

532 3205 724 3279 dampnaret,
744 3201 896 3264 Hebraeis
912 3201 993 3262 diem

533 3297 611 3359 snio
627 3296 794 3358 exhibebat
808 3294 938 3357 iumine.

352 3466 411 3516 355.
432 3465 526 3516 iicebit
538 3464 614 3530 Pras.
631 3463 689 3514 nat.
705 3462 719 3512 b
733 3478 767 3512 tn.
866 3461 927 3511 366.
951 3460 1100 3512 Volcanum
1116 3459 1193 3524 Pras.
1283 3460 1345 3512 356.
1359 3467 1414 3512 tor·

282 3542 373 3586 rentes
386 3535 419 3586 Η.
525 3535 584 3586 359.
605 3536 737 3583 amictum
751 3532 773 3582 Α
786 3529 845 3581 nat.
862 3529 913 3580 brn
926 3545 941 3595 q
954 3545 971 3578 n
984 3528 1094 3592 Parrb.3
1113 3536 1197 3582 mart.
1213 3533 1319 3581 ame'etn
1332 3529 1362 3580 b.

318 3605 376 3654 366.
398 3604 510 3656 Vincere
526 3605 580 3667 la,
595 3603 702 3654 Vineiri
712 3615 736 3651 a.
838 3600 897 3650 362.
918 3615 969 3664 que
981 3614 1030 3649 om.
1045 3615 1063 3648 α
1077 3598 1158 3663 (iente
1171 3599 1293 3664 Fulgore
1305 3601 1414 3666 seriptu-

283 3671 417 3736 raserat).
552 3671 611 3722 366.
630 3673 758 3735 inquinat
768 3685 793 3735 p.
928 3668 988 3718 374.
1009 3669 1136 3730 fluetibus
1149 3681 1227 3733 snpra
1236 3667 1284 3718 ab.
1300 3666 1345 3719 W.

351 3741 411 3791 375.
432 3746 525 3790 ratam
538 3741 606 3791 coni.
621 3739 707 3789 Heius.
725 3738 801 3804 [Acir.
818 3734 838 3801 Ι,
852 3734 890 3804 6].
1016 3737 1075 3788 379.
1096 3737 1227 3788 labamine
1246 3737 1414 3788 Basserente

282 3810 366 3875 leepio
379 3815 470 3858 eontra
482 3808 632 3873 Obbarium,
647 3807 689 3874 qni
703 3823 735 3860 ex
748 3808 836 3858 eodem
849 3805 927 3856 effert
940 3806 1036 3856 lenam.
1107 3807 1167 3856 384.
1183 3807 1354 3858 exhibebant
1364 3823 1391 3856 n.

334 3963 396 4014 363.
410 3961 491 4012 Exnd.
507 3963 551 4014 32.
565 3963 607 4026 34,
624 3964 679 4014 Aet.
694 3964 720 4014 6.
735 3965 760 4013 t.
869 3975 931 4024 gere
953 3967 1048 4024 agatur
1068 3975 1100 4009 en
1123 3961 1154 4010 eie
1176 3959 1322 4011 Laurentii.
1350 3958 1415 4011 cen.

334 4033 394 4083 369.
414 4027 473 4082 via.
488 4032 519 4081 ad
533 4047 558 4082 v.
574 4032 633 4082 363.
868 4045 969 4096 quaque
982 4031 1013 4078 de
1027 4029 1157 4095 Stephano
1171 4030 1301 4094 cogitasse
1315 4029 1418 4080 videtur

334 4102 393 4151 374.
432 4115 523 4150 reeens
555 4103 640 4165 piatis
666 4097 823 4166 fratribus]
869 4099 939 4149 hisee
957 4097 1017 4148 vbi.
1036 4099 1221 4148 sententiarum
1238 4113 1333 4148 nexum
1353 4098 1418 4148 inii·

283 4166 454 4220 continuatur
485 4169 517 4218 de
544 4168 683 4218 Laurentio
708 4169 824 4218 narratio
868 4183 945 4218 anns:
973 4166 1159 4232 „Christianos
1179 4181 1283 4230 omnes,
1308 4169 1353 4233 qni
1373 4167 1419 4217 ad·

281 4245 339 4304 post
357 4238 406 4289 362
423 4239 576 4303 interrupta.
602 4235 658 4288 Cir.
673 4237 733 4288 385.
746 4236 824 4288 Nebr.
869 4236 983 4300 stabant,
997 4237 1095 4287 eaelum
1112 4243 1230 4303 apertum
1242 4237 1355 4300 vidisse,
1371 4251 1418 4286 non

282 4305 375 4359 dubins
389 4306 489 4368 bearet,
502 4312 587 4355 utram
599 4305 630 4355 ie
638 4305 761 4371 Stephani
775 4305 825 4356 ini·
869 4313 956 4358 autern
968 4321 1090 4373 paganos,
1106 4305 1224 4371 indignes
1237 4313 1313 4359 tanta
1325 4306 1417 4358 tuaest
