3020 4832
552 285 772 340 arorduosis

181 477 280 551 deque
295 473 467 536 volutabris
479 473 648 548 pretiosum
665 473 777 548 polluit
791 474 908 550 ignem,

180 572 253 634 dum
268 567 468 645 transgressa
484 565 543 630 Dei
559 570 694 645 positum
710 571 759 630 las
774 571 904 645 inproba
919 568 1030 630 calcat.

245 667 330 731 ilaec
345 666 444 742 prima
461 670 509 727 εει
524 669 636 727 natura
651 665 765 742 anima,
785 667 830 726 sic
845 666 969 728 condita
985 665 1130 743 simplex,

180 761 295 822 decidit
310 761 342 820 in
358 761 468 821 vitium
483 775 539 836 per
554 763 678 824 sordida
695 762 821 824 foedera
837 763 952 823 carnis.
1172 773 1224 823 910

180 853 263 916 Exin
279 856 378 916 tincta
394 856 476 916 maio
490 859 668 930 peccamine
683 859 832 934 principis
849 857 937 920 Adae

178 949 288 1011 iniecit
301 962 403 1024 genus
419 964 510 1009 omne
525 950 695 1024 bominum,
714 952 794 1026 qnod
811 951 945 1026 pullulat
958 951 1041 1028 inde,

182 1048 214 1104 ει
228 1047 314 1105 ιειιει
330 1044 487 1119 ingenitas
504 1047 679 1108 animarum
695 1047 829 1107 inlantie
845 1047 875 1111 iu
893 1051 965 1108 ortu

178 1140 269 1215 primi
285 1139 419 1200 hominis
436 1141 587 1217 maculas,
606 1142 842 1216 necquicquam
859 1139 1000 1204 nascitur
1015 1142 1136 1204 insons.

177 1233 335 1296 Vitandus
350 1238 455 1297 tamen
472 1251 561 1300 error
575 1237 646 1312 erit,
665 1253 704 1298 ne
719 1238 848 1300 traduce
867 1239 972 1299 carnis
1171 1251 1222 1300 915

178 1329 358 1390 transfundi
373 1330 404 1390 in
421 1331 557 1394 sobolem
573 1334 720 1394 credatur
735 1334 806 1394 lons
822 1334 998 1394 animarum

178 1423 343 1500 sanguinis
359 1427 512 1501 exemplo,
531 1428 581 1486 cui
598 1429 684 1486 texta
700 1427 870 1503 propagine
886 1441 966 1488 vena
983 1430 1043 1488 est.

177 1517 249 1581 Non
266 1521 386 1580 animas
402 1521 525 1582 animae
539 1523 677 1596 pariunt,
695 1522 749 1582 sed
765 1521 834 1596 lege
849 1520 960 1584 latenti

178 1607 282 1678 iundit
296 1631 374 1692 opus
391 1619 502 1676 natura
519 1628 623 1689 suum,
642 1615 723 1690 quod
740 1615 872 1690 parvula
887 1615 1034 1678 anhelent

178 1711 307 1772 vascula
323 1709 491 1783 vitalisque
506 1708 589 1768 adsit
603 1708 741 1768 scintilla
756 1709 883 1770 coactis.
1171 1719 1221 1770 eiu

177 1802 267 1885 Quae
283 1789 425 1880 quardvis
440 1803 545 1865 inlusa
561 1817 676 1865 novum
692 1808 835 1878 penetret
851 1819 932 1865 nova
949 1818 1072 1880 semper

131 1931 135 1938 ·
178 1903 374 1977 ngmenmm,
394 1901 486 1960 vetus
501 1897 554 1959 illa
570 1901 673 1958 muron
692 1898 728 1957 de
744 1899 874 1960 crimine
889 1913 1019 1962 avorum

176 1997 312 2072 ducitur,
330 1995 430 2057 inluto
446 1993 592 2068 quoniam
609 1996 755 2054 concreta
771 1996 900 2055 veterno
917 1997 977 2055 est.

174 2087 251 2152 Inde
266 2089 401 2152 secunda
418 2088 500 2150 redit
514 2086 675 2162 generatio
692 2087 810 2170 atinde
826 2088 952 2152 lavatur

176 2189 308 2246 naturae
323 2185 471 2258 inluvies,
487 2184 665 2256 iterumque
680 2183 877 2245 renaseimur
892 2186 979 2246 intus
999 2207 1009 2222 ·
1170 2196 1220 2246 925

173 2279 307 2355 perlusi,
324 2282 360 2340 ut
374 2280 511 2338 veterem
528 2275 694 2350 splendens
711 2277 814 2336 anima
830 2282 926 2338 exuat
940 2276 1052 2340 Atiam.

175 2371 265 2454 Quae
281 2373 351 2448 quia
368 2371 531 2432 materiam
546 2371 665 2446 peccati
682 2385 721 2430 ex
739 2372 848 2432 inmite
864 2376 968 2435 carnis

174 2473 354 2533 consociata
371 2470 478 2545 trahit,
497 2483 632 2530 necnon
650 2469 741 2530 simui
759 2470 825 2544 ipsa
843 2471 942 2533 sodali

174 2571 224 2628 est
238 2568 431 2629 incentivum
448 2565 650 2640 peccaminis,
667 2565 796 2640 inplicat
812 2567 919 2628 ambas

173 2661 291 2723 vindex
307 2676 405 2737 paena
420 2675 492 2721 reas
507 2662 674 2734 peccantes
691 2663 794 2720 mente
810 2663 867 2723 sub
884 2676 947 2723 una
1169 2675 1219 2723 ono

173 2757 383 2833 peccandique
399 2758 518 2818 cremat
533 2753 635 2814 socias
652 2755 842 2816 cruciatibus
858 2757 977 2831 aequis.

173 2849 232 2913 llis
247 2852 394 2913 crucibus
411 2845 558 2912 Christus
574 2862 632 2908 nos
648 2848 760 2909 liberat
775 2849 980 2927 inconruptae

173 2947 283 3007 matris
299 2950 331 3007 et
344 2943 471 3006 innocui
486 2945 629 3020 gestator
644 2945 802 3017 corporis:
820 2959 904 3007 unus

175 3045 320 3103 naturam
334 3055 452 3117 paenae
468 3039 654 3114 expositam,
673 3039 725 3100 sed
742 3054 803 3100 non
819 3041 967 3105 vitiorum

172 3142 318 3198 naturam
334 3135 508 3212 expositam
525 3135 721 3195 contactibus
736 3135 839 3196 induit
852 3132 954 3199 lesus.
1168 3147 1218 3197 935

172 3235 278 3312 Atque
293 3235 362 3297 ideo
377 3247 493 3310 paenae
509 3231 554 3292 nil
570 3231 675 3292 debuit
689 3231 895 3295 intemeratus

154 3373 216 3424 907.
238 3373 450 3434 voluptuariae.
558 3370 605 3419 911
618 3369 717 3420 ...916-
733 3385 781 3420 orn.
797 3371 827 3420 A.
934 3373 995 3422 918.
1010 3372 1109 3421 latente
1120 3365 1188 3417 oid.

121 3441 181 3492 919.
201 3441 276 3506 quod
287 3442 308 3490 Α
323 3442 339 3489 ii
353 3439 442 3506 (supra
456 3439 516 3499 ait.)
535 3437 582 3502 Pq
603 3453 690 3502 margo
712 3439 788 3487 trium
809 3441 879 3490 Sieh.
903 3439 990 3492 Heius.
1012 3439 1074 3504 (qui-
1087 3435 1136 3486 eir.
1156 3434 1216 3486 839.

90 3511 131 3559 681
148 3515 213 3574 ειε.)
227 3510 293 3560 deii.
309 3508 386 3570 obn,
406 3523 458 3574 quo
472 3507 570 3557 Weiss.
585 3523 602 3555 α
616 3521 630 3556 a
644 3507 660 3556 b
673 3522 696 3556 m
710 3523 725 3555 u
739 3514 765 3557 ct
777 3513 838 3559 cett.
944 3509 1004 3559 920.
1020 3506 1136 3557 Vincula
1150 3503 1181 3554 Τ.

130 3579 192 3629 923.
212 3580 327 3629 Dt'ea'tm·
340 3580 358 3627 ii
373 3578 393 3626 0
407 3577 425 3626 P
439 3577 495 3626 Put.
511 3575 607 3625 Weiss.
624 3592 641 3624 a
655 3576 691 3625 ib
706 3577 763 3625 tid.
779 3575 878 3641 Lugd,
902 3577 1020 3627 Diditur
1032 3577 1101 3627 coni.
1115 3573 1217 3631 Helos„

90 3648 208 3698 [iacitur
220 3649 297 3696 itaur.
313 3662 327 3696 a
341 3647 379 3695 ab
393 3661 416 3696 m
431 3661 471 3710 qu
485 3659 540 3698 cum
555 3651 632 3708 cett.;
653 3645 743 3694 inloto
756 3645 776 3693 l
790 3645 810 3694 E
824 3646 865 3696 2a
878 3647 892 3697 b
905 3662 920 3710 q
934 3648 1011 3696 Areu.
1028 3645 1103 3704 obt..
1119 3647 1146 3692 in
1160 3644 1218 3692 luto

88 3717 178 3765 uAld.
201 3715 284 3778 Lugd.
308 3715 426 3766 obstante
446 3719 542 3776 metro,
569 3715 656 3763 inloto
676 3711 773 3762 Weiss.
798 3716 839 3764 la
858 3731 874 3766 a
895 3714 1033 3765 Sieh.ires
1056 3712 1132 3763 Febr.
1160 3709 1216 3762 Gis.

88 3784 183 3835 Weitz.
199 3784 276 3834 Cher.
293 3783 375 3834 Paeti.
392 3783 484 3832 dmstr.
502 3781 588 3832 Heius.
604 3783 690 3832 illlam.
707 3781 785 3847 ecit,
805 3787 833 3833 a'o
848 3786 905 3835 loto
920 3783 996 3849 liat,
1014 3788 1042 3835 in
1056 3783 1113 3832 ioco
1126 3795 1165 3844 m,
1189 3783 1218 3830 in

87 3852 156 3904 luteo
170 3853 252 3903 Laur.
268 3853 342 3902 bene.
430 3851 489 3901 926.
509 3856 629 3901 aeterum
643 3853 693 3917 apl.
709 3855 827 3902 animam
842 3857 922 3904 eredit
933 3854 961 3903 Α.
1051 3851 1111 3902 928.
1126 3847 1218 3899 sodale

88 3919 183 3986 Prag„
210 3921 312 3972 sodalis
333 3919 391 3970 un.
530 3921 591 3971 929.
612 3924 756 3986 incitato,
782 3923 1003 3986 impleeiAmstr.
1110 3918 1170 3968 934.
1191 3923 1218 3966 ει

82 4005 148 4060 pene
162 3990 193 4040 ii.
328 3991 389 4041 935.
409 3990 595 4040 connectebas
608 3987 702 4052 Prbg.;
721 3988 778 4040 iod.
794 3991 857 4044 (Iena
869 3993 900 4057 A,
920 3992 976 4043 ind.
990 3995 1047 4060 ipse
1060 3989 1118 4042 flat.
1134 4003 1150 4038 a
1164 4001 1215 4036 ree.

85 4065 244 4110 ernestum.

132 4179 196 4230 998.
216 4180 328 4242 Arsinia,
343 4178 451 4244 quando
463 4182 574 4243 corpori
582 4178 631 4228 nd·
675 4183 746 4229 muna
765 4179 938 4241 maculatus-3
964 4193 1028 4229 earo
1054 4178 1123 4226 onim
1147 4173 1218 4225 dele·

84 4253 206 4311 anatur,
232 4249 351 4313 simplae
369 4253 411 4298 cst
428 4252 454 4297 et
470 4260 559 4314 pura,
584 4247 632 4296 sed
676 4248 786 4312 ciendo,
804 4253 896 4299 anima
909 4263 971 4299 eoru
985 4243 1219 4297 earnnltdeleeta·

84 4319 196 4382 corpori
211 4316 343 4368 adiuncta
362 4332 397 4366 em
415 4320 508 4367 carnis
521 4331 630 4367 concre—
675 4321 745 4368 ιιόεἰ
756 4318 945 4370 consentiendo
957 4317 1092 4382 delinquit
1106 4316 1142 4377 gi.
1157 4329 1181 4364 a.
