3016 4832
512 311 796 365 Pdoisrdriinrtort
815 313 860 375 Χ.

286 502 363 578 „vei
380 503 468 564 exitu
483 503 549 564 oris
564 503 718 578 cymoaiis
734 503 899 579 proiarier,

284 595 394 676 „nunc
409 613 519 674 pressa
535 611 627 675 parce
643 595 741 676 latua,
761 615 844 661 nunc
859 597 997 662 hiantia:

368 693 562 768 „dubitasne
577 695 658 755 verti
674 709 767 769 posse
782 698 915 755 naturae
930 698 1060 770 statum,

286 787 364 863 „cui
381 788 463 848 iacta
480 788 580 848 iorma
596 792 655 864 est,
674 789 776 864 qrraiis
793 793 877 850 esset
892 790 1056 865 primitus?

288 881 403 958 „lianc
420 899 528 959 nempe
545 885 646 946 iactor
660 889 796 961 vertere,
815 886 952 960 utlibet,
970 889 1084 961 potest,

263 987 265 992 ·
286 978 493 1054 „positasque
510 979 595 1054 ieges
610 982 719 1041 tenere
736 995 772 1040 ac
788 982 943 1055 retexere,

285 1071 451 1148 „iinguaur
468 1071 588 1146 ioqueia
606 1087 644 1132 ne
661 1074 835 1135 ministram
852 1074 999 1148 postuiet.

370 1163 456 1243 „Vis
472 1167 554 1227 seire
571 1168 670 1229 nostri
687 1169 825 1230 numinis
840 1169 1031 1243 potentiam?

286 1258 444 1338 „Fiuetus
458 1261 607 1336 liquentis
623 1264 770 1337 aequoris
786 1264 901 1338 pressit
916 1263 1004 1337 pede,

282 1359 423 1432 „natura
440 1355 524 1418 fluxa
544 1374 579 1417 ac
595 1357 699 1418 tenuis
714 1357 747 1418 in
763 1357 895 1418 solidum
913 1359 993 1419 coit:

285 1463 402 1524 ‚uuam
420 1450 525 1525 dispar
541 1451 604 1511 iiiis
621 1449 762 1526 iegibus,
780 1451 850 1526 quis
866 1452 992 1512 condita
1009 1451 1075 1511 est!

280 1545 396 1623 ‘„soiet
409 1551 535 1608 natatus
553 1548 647 1623 ierre,
667 1548 729 1608 iert
744 1547 891 1623 vestigia.

370 1638 501 1717 „iiadet
516 1643 665 1702 usitatum
683 1655 797 1703 munus
814 1641 871 1701 hoe
888 1642 1048 1716 divinitae,

285 1749 392 1812 „quae
406 1750 481 1796 vera
497 1737 587 1796 nodis
603 1736 717 1797 eoiitur
731 1737 764 1796 in
782 1731 909 1797 Christo
924 1739 957 1796 et
972 1733 1079 1810 Patro,

286 1831 408 1908 „mutis
424 1830 591 1907 loquelam,
609 1831 761 1907 percitum
778 1830 899 1891 claudis
913 1831 1058 1906 gradum,

285 1927 417 2005 „surdis
433 1927 595 1988 iruendam
612 1927 741 1987 reddere
757 1926 959 2002 audientiam,

285 2024 427 2100 „donare
443 2023 545 2082 caecis
562 2022 641 2083 tucis
658 2022 801 2082 insuetae
817 2021 910 2082 diem.

369 2117 483 2195 „liaeo
499 2118 526 2178 si
542 2118 613 2192 quis
629 2131 737 2179 amens
755 2117 895 2177 iaduiosa
912 2117 1084 2194 existimat,

283 2215 360 2289 „vei
376 2216 443 2290 ipse
459 2217 526 2274 tute
541 2213 568 2274 si
584 2226 693 2288 parurn
711 2212 814 2274 iideiia

286 2313 422 2389 „rebare
437 2311 571 2387 pridem,
590 2324 665 2371 vera
680 2324 853 2386 cognoscas
869 2309 957 2369 iicet:

286 2409 407 2486 „trades
423 2409 613 2484 loquentem,
633 2408 723 2469 cuius
740 2411 959 2483 amputaveras

286 2505 469 2581 „tinguamz
498 2501 637 2577 pretatis
653 2503 727 2562 cede
742 2502 804 2561 iam
821 2500 1023 2562 miraculis.“

372 2595 491 2658 iiorror
506 2599 681 2670 stupentem
697 2598 928 2671 persecutorem
946 2593 1041 2667 subit,

285 2693 439 2768 timorque
456 2695 488 2752 et
502 2691 549 2751 ira
565 2694 675 2766 pectus
690 2691 721 2752 in
738 2690 905 2766 caliginem

283 2792 426 2850 vertere:
444 2786 556 2860 nescit,
575 2786 687 2862 vigilet
702 2799 783 2846 anne
799 2786 970 2861 sompniet:

286 2883 419 2944 miratur
432 2879 565 2941 haerens
580 2881 660 2955 quod
679 2880 720 2941 sit
735 2881 849 2940 ostenti
866 2894 978 2957 genus,

285 2974 430 3039 Formido
448 2975 577 3050 irangit,
596 2979 697 3036 armat
711 2975 898 3052 indignatio.

369 3069 438 3134 Nec
454 3071 516 3131 vim
534 3070 658 3131 domare
673 3072 789 3131 mentis
805 3073 940 3133 eiirenae
956 3074 1070 3146 potest,

283 3165 353 3230 Nec
369 3183 430 3243 quo
446 3165 564 3227 luroris
580 3165 643 3226 teia
658 3168 773 3240 vertat,
791 3166 923 3228 invenit.

283 3257 447 3321 Postremo
464 3261 615 3322 medicum
633 3274 747 3322 saevus
763 3262 919 3323 insontem
935 3261 1022 3322 iubet

284 3367 372 3416 reum
388 3354 491 3430 citari,
509 3355 715 3416 nundinatum
730 3355 813 3416 hunc
829 3353 946 3430 arguit,

186 3588 246 3638 939.
268 3587 295 3640 V
294 3588 320 3639 ol
331 3591 359 3638 in
371 3591 450 3640 eoee'tu
465 3587 502 3650 03
521 3591 600 3640 callo
614 3602 691 3654 supro
704 3587 832 3638 locellum
847 3603 885 3655 m3
905 3586 1035 3654 cymbulis
1047 3601 1103 3634 cnm
1114 3585 1149 3650 gi.
1164 3583 1249 3635 lclrle

113 3674 149 3707 m,
222 3657 281 3708 940.
294 3673 390 3724 pressa
405 3658 482 3708 labra
493 3673 577 3722 poree
591 3664 688 3722 transp.
705 3653 761 3706 Rat.
777 3671 822 3722 mq
836 3655 934 3708 Weitz.
949 3662 1039 3706 contra
1052 3662 1140 3718 metu,
1152 3669 1248 3720 praesa

112 3732 198 3792 pario
213 3727 289 3776 labra
303 3730 398 3776 Amstr.
414 3727 491 3790 obi»,
507 3727 592 3777 nescio
606 3741 637 3776 en
648 3725 776 3775 consulto.
881 3724 942 3773 941.
963 3725 1134 3773 Dubitansne
1149 3725 1178 3772 Α.

169 3795 229 3844 944.
250 3811 298 3846 om.
316 3795 362 3846 iu.
458 3797 519 3846 945.
541 3795 658 3860 loquella
672 3811 690 3844 α
702 3793 801 3846 Weitn.
810 3831 818 3856 ‚
833 3793 967 3857 loquellue
982 3791 1038 3842 tiae.
1054 3793 1167 3857 aprisca
1180 3805 1246 3842 men.

116 3866 184 3925 hm,
200 3863 334 3930 loquelam
347 3863 429 3926 Lugd.
444 3879 594 3931 perperam
610 3863 733 3929 postules
747 3877 824 3928 supra
838 3863 879 3911 lul
892 3859 934 3911 W.
1042 3861 1101 3911 949.
1118 3861 1192 3926 Quae
1204 3859 1249 3910 ita

114 3949 162 4000 pro
177 3933 228 3983 div.
246 3934 333 3983 lecta
352 3939 408 3999 (pro
428 3934 480 3984 div.
495 3934 596 4000 script.)
618 3932 704 3983 unio.
729 3931 810 3996 tuga.
831 3933 946 3993 Amstr.,
970 3945 1049 3996 quem
1062 3946 1093 3996 q;
1114 3929 1168 3994 Qui
1180 3926 1247 3978 Vati.

114 4003 187 4052 stein.
197 4009 251 4052 tres
264 4001 352 4065 Febr„
375 4001 444 4068 Quid
456 4001 534 4051 Cion.
549 4001 651 4063 Poett.;
671 4005 747 4067 queis
761 3999 839 4050 cond.
854 4015 905 4049 scr.
921 3999 997 4048 Arev.
1013 4015 1045 4048 en
1060 3997 1178 4048 arbitrio.

197 4072 257 4122 951.
277 4077 407 4121 nouatum
423 4069 519 4134 IPruq.
642 4069 702 4120 953.
721 4069 885 4130 Muitts1i3
905 4068 1051 4134 loquellam
1065 4082 1097 4131 q;
1116 4067 1249 4114 conm'tum

116 4140 194 4202 Pras.
318 4140 378 4191 954.
399 4140 568 4190 aredieniium
585 4139 632 4189 ia.
755 4137 815 4188 955.
836 4140 972 4187 insuetum
991 4135 1071 4186 Laur.
1093 4132 1152 4182 unt.
1168 4131 1182 4180 b
1196 4148 1219 4182 nr
1233 4148 1249 4181 u

117 4208 217 4258 weita.
231 4208 292 4272 (non
306 4209 347 4263 Bi.
454 4209 513 4260 957.
535 4210 583 4272 qul
590 4222 653 4274 por.
669 4206 737 4256 Lott.
750 4225 756 4269 ;
769 4207 886 4270 Mlitv
899 4204 929 4256 ii.
1035 4203 1095 4254 969.
1114 4201 1249 4268 Linguam

115 4283 143 4328 el
162 4279 286 4342 prodatis
308 4276 383 4342 Pras.
498 4277 558 4329 969.
578 4273 992 4340 neomwuttumqrmm.
1098 4269 1158 4320 967.
1179 4269 1251 4336 quod

116 4347 156 4410 A,
178 4351 250 4397 tecla
263 4361 295 4412 υς
314 4345 432 4397 oertltA
445 4363 473 4395 α.
578 4345 637 4396 969.
659 4346 791 4396 dieucum.
807 4345 825 4394 B
840 4343 936 4396 Weitz.
