3020 4832
273 260 334 325 142
632 253 710 307 tun.
725 249 902 306 rubuubrn
917 249 1022 302 ctum.

358 443 473 506 vellere
488 457 550 504 non
567 441 685 518 ovium,
704 440 757 502 sen
774 436 841 500 Eoo
858 452 898 499 ex
914 437 988 498 orbe
1003 435 1110 512 petitis

357 551 516 601 ramorum
532 535 639 613 spoliis
655 535 814 597 lluitantes
831 546 955 594 sumere
970 531 1102 592 amictus

358 633 497 709 gaudent
512 634 543 690 et
559 630 669 690 durum
685 629 818 690 scutulis
834 625 1020 702 pertundere
1036 637 1161 699 corpus.

275 738 325 790 noo
359 724 494 787 Auditur
509 738 573 799 ars,
592 726 628 784 ut
643 723 695 784 tila
711 721 816 785 herbis
831 723 973 782 saturata
987 720 1122 780 recoctis
1167 761 1168 766 ι

358 818 500 880 intonant
515 816 620 878 varlas
636 816 784 877 distincto
800 814 934 875 stamine
949 814 1079 888 formas,

359 909 403 975 Ut
418 925 558 986 quaeque
574 914 623 972 est
637 910 754 986 lanugo
771 909 838 970 lere
853 908 1037 969 mollissima
1054 911 1152 983 tactu,

360 1007 513 1084 pectitur:
531 1006 613 1066 bunc
630 1005 735 1065 videas
750 1004 887 1066 lascivas
901 1008 1046 1080 praepete
1061 1019 1158 1067 cursu

361 1103 525 1163 venantem
541 1099 678 1174 tunicas,
696 1097 801 1160 avium
817 1111 940 1173 quoque
956 1099 1180 1159 versicolorum
1273 1117 1276 1122 ¹

276 1208 325 1258 295
360 1196 540 1257 indumenta
556 1194 646 1254 novis
662 1197 821 1254 texentem
837 1193 960 1270 plumea
976 1193 1065 1254 telis:

362 1290 451 1351 illum
466 1289 635 1363 pigmentis
651 1287 863 1349 redolentibus
879 1291 911 1347 et
925 1288 1091 1363 peregrino

360 1385 490 1461 pulvere
506 1384 658 1444 femineas
673 1388 874 1459 spargentem
889 1384 1025 1458 turpiter
1040 1396 1147 1442 auras.

428 1472 541 1538 Omnia
557 1477 652 1538 luxus
668 1477 760 1537 babet
774 1479 902 1538 nostrae
917 1477 1116 1552 vegetamina
1130 1476 1224 1550 vitae,

364 1571 509 1631 sensibus
524 1570 557 1630 in
573 1571 708 1646 quinque
724 1573 867 1632 statuens
883 1584 963 1644 quae
979 1571 1116 1630 condidit
1129 1574 1257 1630 auctor:

278 1677 329 1725 noo
361 1665 489 1725 auribus
504 1667 600 1738 atque
614 1663 725 1739 oculiS,
743 1667 811 1724 tum
826 1663 955 1724 naribus
971 1666 1064 1738 atque
1080 1664 1183 1740 palato

275 1829 278 1832 .
363 1758 526 1832 quaeritur
540 1756 678 1818 iniectus
693 1757 816 1818 vitiosis
831 1757 952 1818 artibus
968 1771 1059 1819 usus.

363 1849 435 1929 lpse
450 1855 555 1931 etiam,
573 1857 640 1914 toto
655 1854 751 1928 pollet
765 1854 819 1929 qui
833 1867 963 1929 corpore
978 1857 1094 1928 tactus,

364 1949 526 2024 palpamen
541 1952 684 2010 tenerum
699 1949 820 2010 Mandis
835 1964 876 2009 ex
892 1948 1009 2010 lotlbus
1025 1949 1133 2025 ambit.

367 2039 451 2105 Proh
467 2041 554 2102 nolor
568 2041 723 2118 ingenuas
739 2039 870 2102 naturae
886 2043 1071 2104 occumbere
1086 2043 1183 2118 leges,

280 2150 330 2199 aot
364 2137 566 2213 captivasque
581 2137 664 2198 trabi
679 2141 834 2213 regnante
850 2138 977 2199 libidine
992 2137 1097 2199 botes!

364 2230 552 2296 Perversum
570 2232 619 2293 ius
634 2247 726 2294 omne
741 2233 837 2308 viget,
857 2234 941 2309 tum,
959 2233 1106 2308 quinquin
1123 2231 1297 2294 babendum

365 2327 560 2403 omnipotens
575 2325 713 2404 beteret,
732 2327 837 2388 sturlia
853 2328 885 2388 in
901 2328 1058 2389 contraria
1073 2329 1212 2389 vertunt.

350 2473 410 2522 287.
431 2488 460 2522 co
473 2487 525 2521 cere
539 2473 569 2520 t.
695 2471 756 2522 289.
776 2473 916 2522 scutilisA
932 2471 1026 2522 Weiss.
1042 2488 1060 2520 α
1072 2485 1088 2521 a
1100 2487 1123 2521 m
1137 2488 1153 2520 ιι
1167 2470 1225 2522 llo.
1241 2469 1321 2530 Luget.
1337 2467 1408 2517 sict.

279 2552 334 2595 tres
347 2541 424 2591 Febr.
440 2540 496 2590 Gis.
511 2539 608 2592 Weitz.
624 2538 702 2590 Cbor.
717 2540 798 2591 Poetl.
814 2542 910 2591 Amstr.
928 2540 994 2590 Cell.
1008 2543 1087 2591 Arev.
1103 2539 1187 2603 obn,
1214 2539 1325 2589 eectob'e
1339 2535 1410 2600 rut,

280 2612 385 2660 sentitis
399 2607 419 2657 R
433 2608 522 2658 Heius.
634 2609 695 2658 292.
714 2625 783 2674 quoe
797 2609 827 2673 Α,
842 2613 938 2674 cuique
951 2610 1019 2659 eoni.
1035 2609 1123 2659 Heius.
1135 2629 1143 2670 ς
1155 2610 1221 2674 sere
1233 2608 1312 2658 Laur.
1325 2622 1345 2654 α
1357 2621 1372 2655 a
1386 2620 1410 2654 ιιι

280 2697 297 2730 u
310 2679 380 2728 Sieh.
390 2685 444 2726 tres
457 2675 513 2726 Gis.
527 2674 623 2726 Weitz.
638 2677 715 2727 Cher.
731 2677 813 2729 Poett.
828 2678 922 2729 Amstr.
937 2680 1035 2741 Areu,
1053 2678 1137 2742 feroc
1153 2677 1242 2742 scripti
1263 2691 1305 2742 ap.
1319 2674 1410 2724 Helue.

279 2748 338 2799 llio.
358 2745 441 2808 Lugd.
462 2745 537 2794 Febr.
557 2745 733 2805 Heins.„Cell.
756 2747 840 2811 bob,
860 2747 976 2796 sedtum
998 2747 1094 2797 rectius
1115 2747 1185 2810 legas
1207 2744 1242 2798 Ut
1260 2747 1413 2808 cuiquecst

281 2815 486 2881 lanugoscroe,
502 2821 531 2863 ut
543 2816 608 2863 coni.
624 2814 714 2865 Heius.
845 2816 905 2866 293.
925 2815 1038 2866 lasciuae
1050 2831 1101 2866 scr.
1116 2831 1143 2865 u.
1261 2814 1322 2863 294.
1339 2812 1412 2864 Ven-

281 2890 387 2936 tontem
401 2881 449 2944 W,
470 2883 496 2934 V
495 2888 618 2932 creontem
631 2898 706 2949 snpra
719 2885 879 2934 luctantem
891 2899 931 2947 m;
950 2884 1144 2934 versiculorum
1156 2881 1233 2934 Febr.
1249 2881 1306 2933 Gis.

348 2951 407 3002 296.
427 2950 486 3000 Aldi
499 2966 533 2999 erc
543 2955 688 3016 peregrino
702 2953 751 3002 iam
766 2954 864 3003 emend.
879 2951 964 3016 Lugd.
1103 2953 1163 3004 297,
1183 2967 1264 3002 auree
1277 2952 1353 3013 Berg.
1367 2964 1409 3014 ap.

281 3019 378 3072 Weitz.
484 3019 545 3071 399.
564 3025 618 3069 tarn
633 3018 709 3083 Prag.
833 3021 979 3073 391...349.
996 3037 1045 3071 om.
1061 3021 1092 3071 Α.
1214 3021 1275 3070 391.
1296 3020 1413 3069 ortubus

281 3089 302 3140 0
317 3088 391 3152 Prng.
407 3089 464 3138 2ιιι.
567 3087 628 3137 393.
650 3105 685 3138 erc
697 3088 773 3153 Prog.
789 3088 848 3141 bat.
863 3089 942 3141 Laur.
958 3107 976 3138 α
989 3105 1004 3140 a
1018 3089 1077 3140 blo.
1091 3089 1174 3152 Lngd.
1189 3089 1320 3139 Sieh.tres
1334 3087 1412 3136 Cher.

281 3157 364 3209 Poett.
376 3159 471 3208 Amstr.
484 3156 550 3208 Cell.
563 3156 641 3219 obt,
659 3162 688 3207 ct
700 3156 735 3208 W
750 3159 810 3221 lm,
825 3175 838 3208 c
851 3159 897 3208 2ιιι
909 3175 926 3208 u
936 3157 1013 3208 Febr.
1024 3156 1080 3209 Gis.
1093 3158 1189 3208 Weltz.
1201 3157 1290 3208 Heius.
1302 3159 1379 3207 Arev.

332 3293 391 3356 289,
412 3290 542 3359 scutulis]
567 3291 685 3356 Scaliger
706 3294 822 3346 Conieet.
914 3294 973 3346 291.
988 3293 1127 3362 inludant]
1141 3294 1170 3346 P.
1185 3292 1256 3358 XIV,
1274 3293 1331 3344 196.

280 3380 303 3430 p.
320 3363 351 3414 68
366 3370 451 3414 vestes
469 3364 655 3428 interpretatur
673 3364 697 3412 in
711 3364 826 3413 scutula·

281 3447 335 3482 rnm
349 3431 367 3481 i.
383 3446 405 3482 e⁴
421 3431 576 3495 quadrarum
588 3431 825 3496 (retinmlaicrnmm
920 3430 979 3482 295.
992 3429 1114 3497 plumea]
1129 3430 1190 3495 „Dc
1204 3431 1330 3486 vestibus,
1346 3445 1411 3495 quae

280 3508 380 3562 textas,
401 3514 475 3564 qnam
489 3499 684 3564 explicationem
707 3502 738 3551 ob
751 3517 824 3551 vocc.
868 3513 900 3549 ex
913 3501 1004 3565 plumis
1019 3499 1098 3549 variis
1116 3498 1336 3561 contexebantur,
1357 3497 1409 3548 vid.

280 3569 413 3618 Inludcnt
431 3569 611 3632 ...formoe,
643 3570 674 3618 de
698 3584 746 3634 quo
771 3571 823 3621 vid.
868 3567 928 3618 San.
948 3584 988 3634 ep.
1011 3568 1053 3619 91,
1085 3569 1244 3618 Plomcrios
1270 3567 1413 3616 vocabatur

282 3637 347 3686 Plio.
369 3635 399 3686 ll.
417 3634 447 3686 N.
466 3633 580 3699 XXXV,
596 3635 637 3698 11,
652 3637 695 3696 42,
715 3636 822 3688 Becker.
867 3637 1024 3702 antiquitus,
1038 3637 1082 3701 qni
1094 3637 1237 3686 huiusmodi
1252 3643 1338 3687 vestes
1352 3651 1413 3684 eon-

282 3703 495 3769 Goltltpbl,
515 3704 580 3753 obt.
600 3705 730 3757 meliorem
751 3715 825 3772 putet
867 3705 986 3768 boletar,
1012 3712 1058 3754 ant
1081 3707 1159 3754 etiam
1181 3707 1223 3770 qul
1246 3706 1272 3754 in
1295 3704 1413 3754 vestibus
1498 3735 1499 3748 .

248 3778 251 3789 “
281 3771 467 3821 Salmasiannm
481 3772 526 3836 (nd
536 3771 739 3840 Vopisc.p.571,
751 3775 822 3838 861),
867 3788 915 3823 eeu
936 3775 1024 3824 elavos
1044 3781 1071 3823 et
1088 3773 1203 3824 scutulas
1225 3780 1252 3822 et
1274 3788 1322 3836 ee,
1345 3788 1412 3838 quae

281 3842 325 3908 qui
344 3840 445 3903 vir-geta
472 3841 641 3905 vestimenta,
668 3844 687 3892 i.
708 3861 731 3894 e.
759 3843 824 3912 ῥαβ-
866 3840 1411 3908 plumaseviumreierunt,pingebat.Vid,

281 3902 367 3970 δωτά,
383 3910 576 3974 interpretatur.
603 3911 687 3962 Erant
699 3921 784 3964 autem
798 3915 823 3962 in
866 3909 979 3961 Turneb.
999 3910 1064 3962 niv.
1086 3911 1131 3961 lib.
1150 3909 1198 3975 Xl,
1212 3911 1255 3962 26.
1277 3926 1345 3961 ιιιιιιι.
1362 3910 1414 3959 olo

281 3979 396 4028 vestibus
422 3979 547 4029 scutulae
568 3989 699 4042 segmento
722 3982 823 4032 intexta
866 3980 897 4028 ad
908 3977 1098 4046 veranopisci
1107 3980 1133 4030 in
1142 3980 1251 4030 Carino:
1265 3978 1415 4044 plumandi

280 4053 386 4097 ornatus
405 4047 506 4111 gratia,
525 4049 665 4099 cuiusmodi
683 4058 824 4101 cernuntur
866 4048 1037 4113 difficultate
1054 4048 1217 4114 pernobiles.
1242 4046 1320 4097 Putat
1332 4046 1413 4096 Preti.

280 4116 305 4167 in
324 4117 417 4166 retium
437 4115 605 4168 foraminibus
623 4119 697 4182 inque
716 4134 824 4171 aranee·
865 4115 980 4168 indicare
994 4124 1097 4181 vestes,
1116 4118 1143 4166 in
1162 4117 1252 4182 quibus
1264 4120 1322 4168 sinc
1335 4131 1415 4166 ωεν-

281 4200 335 4233 rum
354 4185 422 4234 telis.
443 4182 517 4247 Virg.
535 4186 598 4236 Aen.
614 4185 680 4252 Vlll,
703 4189 752 4238 669
770 4192 824 4240 oir-
865 4192 954 4236 mento
973 4201 1024 4236 acu
1039 4185 1178 4252 pingendo
1195 4186 1306 4252 plumae
1320 4188 1414 4235 coium

279 4255 355 4317 gatis
366 4253 459 4302 luccat
469 4253 582 4318 sagulis.
865 4255 1061 4320 rep‘crcnturae‘
1074 4256 1153 4306 Areo.
