3018 4826
611 291 688 345 11111.
701 289 884 346 ΡΗΠΒΕΝΊῚΙ
898 291 1002 345 cleu.

500 479 673 544 laurentio
688 481 805 544 victrix
821 481 899 543 lnce

501 578 596 639 ritum
613 574 809 651 triumphans
825 576 1011 639 ternarum:

564 687 656 750 reges
672 672 823 749 supernos
838 673 961 736 viceras

499 769 692 846 populosque
709 767 808 828 menis
823 780 997 843 presseras,

502 879 586 927 nnnc
601 863 810 925 monstruosis
826 862 918 924 inolts

500 959 625 1035 iunonis
641 957 755 1034 inperii
770 958 891 1033 iugum.

502 1071 506 1078 ·
568 1049 653 1112 llaec
668 1049 736 1111 sola
752 1050 860 1112 learnt
873 1049 976 1124 gloria

506 1145 593 1206 urnis
608 1147 736 1220 togatae
750 1141 940 1219 insignibus,

504 1239 628 1301 ienitate
644 1242 734 1314 eante
749 1236 890 1313 gentium

502 1333 643 1393 tonaret
660 1335 694 1392 nt
708 1342 858 1407 spurcum
872 1325 998 1406 lovem3

567 1421 642 1487 Nun
655 1425 847 1486 turbulentis
863 1424 983 1487 virinus

502 1515 607 1598 Cossi,
626 1516 751 1582 Camilli
774 1523 830 1581 aut
845 1514 1005 1596 Caesaris,

253 1629 285 1677 1⁵
506 1615 560 1676 sed
577 1614 729 1690 martyris
745 1610 910 1676 Laurentii

505 1725 566 1772 non
582 1711 747 1773 incruento
764 1709 893 1787 praello.

326 1935 352 1985 3.
372 1933 464 1983 doceam
477 1949 503 1984 u.
634 1937 660 1985 4.
692 1936 864 1998 triumphans
877 1936 898 1984 Α
911 1931 1000 1997 scripti
1016 1931 1116 1982 lieiuss.
1131 1933 1192 1994 (non
1207 1932 1295 1986 limbr.
1311 1933 1386 1998 Pul.)

252 2003 331 2053 haur.
351 2003 490 2068 abmpq
510 2019 526 2052 u
545 2001 642 2054 Wcitz.
664 2002 741 2054 Cltor.
764 2002 865 2066 Poeta,
893 2003 1046 2068 triumphas
1066 2001 1181 2051 tamir.
1201 1999 1259 2052 Put.
1282 2016 1298 2053 a
1324 2004 1385 2054 Ala.

252 2070 334 2137 Lago.
355 2069 487 2122 Sicb.tres
507 2070 583 2122 Fabr.
604 2069 661 2123 Gis.
683 2074 776 2122 Amstr.
799 2071 886 2124 liuius.
908 2070 972 2122 cell.
993 2072 1071 2122 Arev.
1092 2069 1175 2134 0th
1193 2069 1276 2124 litem
1288 2076 1388 2124 trirem-

249 2141 319 2207 piac
332 2141 463 2191 barbaros
475 2139 580 2206 Rupert.
594 2138 723 2192 Tuitieas.
736 2143 767 2190 (le
781 2155 836 2206 opp.
852 2141 914 2207 spir.
931 2137 974 2202 vl,
990 2141 1031 2191 18.
1136 2142 1161 2190 8.
1182 2157 1233 2206 quo
1251 2154 1310 2192 exc.
1325 2141 1384 2196 Ala.

252 2209 335 2273 Lnga.
357 2208 489 2259 Siclr.lrcs
509 2207 615 2276 [impert.
731 2211 757 2260 9.
778 2207 945 2272 (latimarii,
965 2209 1044 2259 dant
1058 2207 1156 2258 Waltz.
1176 2223 1208 2259 ex
1228 2209 1268 2273 ll,
1288 2213 1385 2262 aberat

252 2296 270 2328 α
282 2279 315 2329 aci
328 2292 398 2327 uram
412 2278 506 2329 decrat
515 2315 522 2342 ‚
541 2279 606 2344 qaod
626 2279 651 2328 iu
671 2278 749 2329 Laur.
764 2285 791 2328 et
805 2279 884 2344 reiqq.
899 2277 1002 2344 seriptis
1015 2277 1153 2344 editisque.
1270 2279 1311 2330 12.
1331 2279 1385 2330 lio-

252 2352 333 2399 naret
353 2362 378 2412 q.
408 2366 411 2372 ·
514 2347 555 2399 13.
586 2349 666 2398 turio
689 2348 770 2397 tentis
792 2362 824 2410 a,
854 2345 1166 2409 torielentieflwbm
1180 2346 1279 2399 Weita.

254 2483 301 2534 m
323 2415 467 2537 unacum
477 2416 515 2480 Α,
534 2432 601 2483 quos
612 2421 638 2468 ca·
648 2432 672 2482 q.
782 2419 822 2466 lo.
837 2419 972 2467 marteris
984 2433 1012 2466 u.
1127 2415 1167 2465 16.
1185 2419 1329 2468 inmeante
1343 2418 1384 2468 ia

277 2501 348 2551 r.p.
415 2523 422 2535 .

252 2672 372 2726 Cornelio
394 2669 513 2723 Saeniani
538 2671 622 2724 Praei.
646 2672 707 2725 Urbi
729 2673 795 2723 haud
839 2672 921 2735 stilo,
936 2669 1072 2735 Massiuae,
1095 2671 1196 2737 Leone,
1215 2672 1310 2724 cais,
1327 2673 1385 2724 i’ier

252 2741 290 2792 ita
308 2741 387 2792 mnitu
406 2748 463 2807 post
482 2742 580 2792 Sistum
600 2741 633 2792 ll.
658 2742 794 2794 iiornaunm
839 2741 972 2806 Crisulogo
993 2749 1042 2791 etc.
1065 2741 1141 2792 iioma
1164 2742 1238 2792 1756.
1261 2740 1385 2811 Martyris

252 2811 397 2876 episcopum
416 2810 495 2860 inisse
514 2826 626 2876 passum.
646 2809 725 2875 Quam
740 2811 796 2876 qui·
839 2811 971 2862 eruciatus
981 2811 1093 2876 proiecto
1106 2810 1272 2862 multiformis
1283 2811 1308 2860 iu
1320 2827 1386 2862 mar·

252 2878 309 2929 dem
325 2881 490 2930 traditionem
503 2879 599 2930 Euseb.
619 2881 707 2930 cirron.
724 2881 756 2930 ad
768 2895 794 2930 a.
840 2880 975 2946 tyrologiis
988 2881 1018 2928 ml
1034 2880 1059 2930 sl.
1074 2881 1115 2930 10.
1126 2881 1192 2943 nug.
1209 2879 1286 2946 inque
1301 2881 1386 2930 Aurea

252 2947 302 3000 263
317 2963 364 2996 non
378 2955 466 2997 servat
478 2949 628 3016 martyrium
647 2949 703 2999 cias
717 2947 795 2998 Decio
839 2947 885 2997 SS.
902 2947 1019 3011 Legenda
1038 2962 1093 3014 cap.
1117 2949 1164 2998 122
1184 2949 1226 3015 pia
1243 2951 1386 3000 traditione

240 3015 315 3080 imp.
331 3016 447 3066 evenisse
460 3032 613 3068 memorans.
624 3017 718 3083 Philip.
733 3019 796 3068 Ber·
838 3017 907 3067 ultro
916 3015 1109 3082 multiplicatus.
1122 3017 1178 3068 Cir.
1188 3019 1280 3068 Barna.
1290 3018 1384 3070 Annei.

253 3099 366 3148 romeus.
381 3085 479 3148 (atron.
496 3084 563 3144 vill,
578 3103 603 3153 p.
617 3087 688 3151 197),
702 3087 757 3136 Atio
769 3092 797 3136 ct
839 3085 904 3137 coci.
919 3084 959 3147 11,
972 3101 997 3150 p.
1011 3087 1072 3150 304,
1086 3084 1233 3136 Tillemont.
1250 3083 1387 3138 memoircs

253 3154 289 3204 al.
311 3152 378 3204 idem
398 3163 511 3206 narrant.
534 3159 620 3221 Aequo
640 3155 712 3206 mocio
731 3156 796 3206 scri·
839 3153 1049 3220 ecclesiastiqnes
1069 3154 1111 3218 lV,
1132 3171 1156 3222 p.
1173 3156 1222 3219 39,
1248 3155 1385 3208 ΜιὴίΙΙοιι.

253 3230 342 3290 plures
359 3223 485 3274 dissident
503 3225 535 3274 de
551 3224 686 3275 Laurentii
700 3225 794 3290 putria,
839 3239 927 3274 comm.
943 3224 969 3274 iu
983 3225 1038 3275 aral.
1055 3223 1125 3274 Rom.
1141 3239 1199 3291 erp.
1213 3224 1243 3284 3,
1267 3223 1320 3275 Les
1334 3225 1387 3276 ries

254 3307 328 3358 quam
338 3291 416 3354 roua.
428 3295 504 3343 sicuti
515 3294 570 3358 alii,
581 3294 624 3358 qni
638 3293 694 3344 eius
705 3293 797 3343 menti·
840 3293 884 3342 ‹lcs
895 3293 981 3344 Saiuts
992 3291 1024 3356 V,
1035 3308 1061 3358 p.
1070 3293 1096 3357 9,
1108 3293 1165 3343 148.
1181 3292 1219 3344 lia
1232 3293 1306 3344 cultu
1320 3294 1387 3344 Lau·

206 3407 212 3416 .
254 3361 328 3412 ouum
342 3361 448 3422 iaciunt,
465 3362 543 3431 Cypr.
559 3362 605 3429 Ep.
621 3362 797 3426 sacto.‚ya11-
840 3362 928 3424 rentii,
942 3361 1111 3412 Romanarum
1128 3362 1239 3428 patroni,
1253 3362 1308 3414 vid.
1324 3361 1387 3414 Gre-

253 3438 321 3494 sust.
347 3431 390 3494 (de
416 3430 511 3483 divers.
539 3433 587 3488 37,
613 3431 695 3482 Serm.
724 3430 793 3493 104),
839 3446 893 3495 gar.
908 3428 942 3481 M.
958 3431 1021 3481 dial.
1037 3429 1080 3494 iV,
1099 3430 1236 3482 etlam.
1252 3446 1331 3482 serm.
1343 3433 1386 3495 83,

252 3500 341 3550 Amic.
357 3499 447 3564 (oilie.
462 3499 482 3565 l,
492 3501 535 3564 41,
547 3499 580 3565 11,
590 3500 645 3564 28),
661 3499 794 3550 Fortunat.
840 3499 947 3563 iil-agor.
966 3498 1065 3551 Toron.
1080 3500 1111 3549 de
1131 3500 1197 3564 glor.
1212 3507 1292 3550 mart.
1308 3500 1329 3564 l,
1343 3501 1386 3564 83,

254 3567 344 3633 (curm.
361 3569 402 3629 18,
420 3569 459 3632 19,
474 3571 506 3620 37
520 3571 585 3634 cta.)
604 3569 705 3620 silentio
723 3582 797 3634 prae·
839 3568 889 3618 Les
906 3569 961 3619 vies
982 3571 1028 3619 (les
1040 3567 1129 3619 Saints
1141 3569 1159 3620 1.
1175 3569 1210 3627 1.,
1231 3579 1259 3619 et
1277 3570 1387 3622 dissert.

253 3644 365 3688 teneant.
391 3636 484 3706 Philip.
512 3639 676 3702 Bergomcns.
703 3645 729 3688 ct
753 3636 796 3702 qui
839 3637 885 3702 (air
905 3639 982 3688 Acer.
1005 3637 1090 3700 laud.)
1113 3636 1216 3688 Pcroaii
1244 3640 1276 3688 (le
1303 3639 1388 3706 iiaycr

254 3721 311 3758 cum
324 3721 354 3756 eo
368 3705 482 3771 iaciunt,
502 3723 548 3758 sno
561 3707 610 3758 sibi
624 3709 680 3757 inre
693 3721 749 3756 eum
763 3719 795 3756 ex
838 3706 913 3768 (ilbi.
929 3705 1035 3773 llispau.
1049 3705 1144 3772 praei.)
1157 3707 1189 3756 ric
1203 3707 1344 3758 sanctitate
1358 3707 1385 3757 S.

253 3773 375 3842 Hispania
388 3777 523 3828 oriundum
537 3782 671 3839 asseruut;
695 3775 720 3824 id
735 3789 796 3825 varo
839 3775 916 3826 Laur.
943 3773 1026 3826 iiadr.
1048 3775 1197 3826 Mar-iodea
1219 3773 1387 3826 Prudentius·

252 3843 329 3896 Prud.
349 3845 390 3896 vix
405 3847 561 3898 reticuisset.
588 3844 725 3897 Romanum
739 3859 795 3894 curu
839 3843 957 3896 imitatus
969 3851 1023 3908 est,
1037 3843 1088 3894 uir.
1103 3842 1191 3908 Sigei.
1206 3843 1341 3895 Geminius.
1355 3845 1387 3894 dc

254 3913 349 3972 inisse,
372 3931 403 3966 ex
416 3915 509 3966 Leonis
529 3914 572 3965 ΙΙΙ.
587 3914 734 3964 sanctuario
755 3928 795 3962 ar·
839 3912 889 3964 vir.
912 3913 952 3963 ill.
979 3928 1035 3979 cap.
1060 3913 1127 3977 158,
1161 3912 1266 3979 imyser.
1292 3915 1386 3964 histor.

253 3983 380 4048 gurnentis
407 4001 455 4052 non
480 3984 629 4034 melioribus
653 3981 698 4033 alii
725 3981 796 4031 nobis
839 3979 970 4048 poetaram
983 3990 1010 4032 et
1022 3997 1104 4047 poem.
1121 3981 1187 4032 med.
1200 3983 1257 4033 aevi
1271 3982 1369 4048 asoa.

252 4054 407 4118 persuadere
423 4054 507 4103 eonati
522 4059 597 4116 sunt,
614 4057 643 4102 ut
655 4065 796 4118 anonymus

252 4129 343 4172 auctor
355 4121 486 4189 opusculi:
510 4119 712 4171 Memoriadelia
730 4120 795 4182 vita,
893 4119 933 4170 ll.
966 4117 1103 4169 Cossorum
1134 4117 1328 4168 illustrissimus
1353 4119 1386 4168 Α.

253 4190 294 4239 (ici
307 4191 440 4254 martinia,
461 4189 501 4241 rie'
515 4189 649 4252 miracoli,
672 4189 712 4239 dei
726 4189 795 4238 culto
839 4185 973 4238 Cornelius
992 4186 1090 4238 Cossus
1102 4187 1231 4252 dictator,
1254 4188 1298 4252 qui
1312 4186 1389 4237 Vuis·

253 4264 303 4320 etc.
317 4257 343 4307 di
357 4257 384 4308 S.
394 4257 511 4309 Lorcnzo
526 4256 631 4308 liertirc
645 4273 658 4306 a
672 4255 796 4306 eittatiino
839 4271 883 4306 eos
903 4255 1010 4306 devicit.
1036 4255 1092 4306 niv.
1114 4254 1159 4319 Vi,
1173 4253 1223 4318 203
1244 4255 1315 4306 Furii
1337 4255 1389 4306 Ca-

252 4339 413 4377 romanorun
424 4327 480 4378 rari
493 4326 604 4378 sermoni
618 4323 657 4376 ‹ie’
670 4323 717 4375 SS.
728 4323 795 4386 ago·
838 4323 902 4376 milli
916 4341 958 4376 ros
967 4331 1056 4389 gestas
1065 4323 1120 4377 vid.
1130 4325 1197 4391 apud
1209 4323 1265 4378 niv.
1275 4323 1307 4375 V.
1318 4323 1363 4378 Vi.
