3046 4830
638 283 715 336 AUR.
730 283 907 336 Pnunnrtrn
920 284 1021 336 CLEM.

520 486 628 534 omnes
643 471 748 534 labore
764 473 919 534 exercitos

519 570 681 631 confirmet
695 568 733 630 ad
750 583 835 644 spem
852 569 990 631 luminis.

560 662 620 726 iiie
635 677 783 740 sompnus
799 664 837 725 ad
853 669 975 740 tempus
991 663 1083 725 totns

521 762 569 819 est
585 759 685 819 torma
701 758 810 818 mortis
825 759 972 834 perpetis,

518 855 645 928 peecata
661 864 718 913 een
733 867 797 913 nox
812 852 937 914 horrida

519 949 637 1021 cogunt
651 946 753 1006 iecere
768 961 804 1005 ae
819 949 967 1008 stertere.

564 1036 626 1104 Sed
642 1055 705 1101 vox
720 1042 758 1100 ab
774 1041 838 1101 alto
853 1042 989 1102 cuimine

524 1132 643 1200 Christi
661 1136 800 1198 docentis
815 1142 1006 1213 praemonet,

519 1231 629 1291 adesse
644 1231 704 1290 iam
720 1231 821 1291 iucem
837 1245 942 1310 prope,

519 1340 558 1386 ne
574 1340 661 1386 mens
677 1326 781 1402 sopori
797 1328 933 1388 serviat:

560 1419 611 1483 Ne
627 1435 774 1496 sompnus
790 1423 944 1498 usquead
960 1419 1112 1483 terminos

522 1517 607 1578 vitae
623 1517 762 1578 socordis
778 1517 932 1593 opprimat

522 1619 632 1690 pectus
648 1613 805 1690 sepultum
820 1615 953 1677 crimine

519 1713 550 1769 et
565 1708 645 1770 ineis
663 1707 791 1769 oblitum
808 1722 896 1770 snae.

561 1801 681 1866 Ferunt
696 1808 847 1880 vagantes
864 1804 1030 1865 daemonas

518 1902 616 1963 laetos
632 1900 768 1961 tenebris
785 1900 935 1974 noctium,

519 1994 603 2073 gailo
620 1999 749 2056 canente
767 1995 936 2056 exterritos

520 2090 651 2165 sparsim
667 2089 778 2148 timere
794 2092 826 2148 et
841 2087 960 2148 cedere.

561 2178 668 2243 Invisa
682 2195 754 2242 nam
769 2181 915 2242 vicinitas

521 2269 614 2343 lueis,
633 2267 757 2343 salutis,
775 2267 914 2328 numinis

480 2366 485 2372 ’
519 2369 611 2441 rupto
627 2365 826 2425 tenebrarum
845 2365 908 2424 situ

517 2458 619 2539 noctis
635 2458 726 2533 fugat
741 2445 906 2517 satellites.

563 2549 630 2612 Hoe
645 2565 716 2611 esse
732 2550 857 2626 signnm
873 2548 1007 2626 praescii

516 2647 632 2704 norunt
647 2642 855 2718 repromissae
871 2642 949 2717 spei,

335 2832 377 2882 26.
396 2831 497 2882 Mortis
514 2833 605 2896 imago
624 2835 666 2881 est
679 2834 802 2897 perpetis
820 2833 832 2882 1
848 2830 906 2881 Pnt.
926 2831 1045 2881 obstante
1062 2837 1159 2895 metro,
1184 2831 1277 2898 imago
1296 2837 1397 2884 mortis

263 2904 382 2968 perpetis
396 2901 461 2951 ooni.
476 2898 564 2950 Heins.
581 2897 652 2966 [Vis.
664 2899 713 2950 Ov.
724 2901 780 2951 Am.
795 2899 826 2964 lt,
841 2901 867 2964 9,
881 2899 935 2966 40],
958 2899 1006 2950 Sed
1020 2899 1124 2965 vulgata
1137 2901 1214 2951 lentio
1227 2901 1309 2952 locum
1323 2919 1397 2952 sunm

265 2978 368 3036 tuetur3
388 2970 549 3034 namsormn
562 2963 681 3037 (μορφή)
697 2991 724 3014 =
740 2970 856 3037 speeies,
871 2969 964 3033 figura,
978 2969 1045 3020 idea.
1061 2969 1128 3036 [Cir.
1140 2973 1170 3019 Α.
1186 2970 1246 3034 309,
1261 2971 1293 3021 ii.
1306 2973 1351 3035 51,
1365 2971 1394 3023 P.

267 3039 286 3104 1,
301 3037 358 3106 59].
494 3037 536 3088 19.
556 3037 649 3088 ablato
662 3046 787 3089 mutatum
800 3039 826 3089 in
840 3040 949 3090 abolete
963 3053 987 3102 a,
1003 3039 1071 3090 unde
1084 3053 1157 3089 error
1170 3040 1262 3090 ablato
1276 3057 1318 3106 sp.
1332 3041 1396 3092 nii.

265 3107 348 3172 Lugii.
362 3107 422 3174 (noo
435 3105 527 3170 Nebr.)
672 3107 715 3158 31.
736 3107 836 3158 Adesse
850 3109 935 3158 lucem
945 3111 1103 3174 proximam
1118 3107 1160 3158 tn
1174 3124 1221 3158 non
1235 3109 1397 3176 improbante

266 3177 348 3241 otis,
368 3175 468 3229 Adesse
481 3178 535 3226 iam
545 3190 631 3242 propo
645 3177 729 3226 iucem
742 3192 767 3243 p.
873 3177 915 3227 33.
935 3191 1046 3228 sumnus
1057 3176 1139 3241 Lugd.
1250 3180 1293 3229 34.
1314 3179 1398 3230 Vitae

264 3247 390 3298 socordes
411 3243 472 3309 211,
502 3244 608 3295 Montes
625 3244 751 3296 socordes
772 3261 787 3312 p
808 3245 992 3312 (noannr.),
1015 3247 1122 3311 primum
1142 3262 1156 3296 o
1176 3255 1321 3313 correptum
1334 3264 1396 3300 raro

264 3316 388 3384 exemplo.
405 3312 470 3381 [cn.
484 3313 517 3365 A.
533 3313 604 3378 126J.
744 3315 788 3365 41.
807 3317 839 3365 In
925 3327 928 3330 ·
976 3318 1105 3365 vicinitas
1118 3331 1173 3366 eom
1186 3313 1279 3367 lacuna
1292 3333 1317 3368 o.

264 3388 308 3438 42.
329 3384 371 3437 Gi.
385 3400 465 3449 marg.
488 3385 521 3436 at
539 3385 654 3435 numini.
669 3386 689 3434 i.
702 3383 809 3434 demoni
821 3401 848 3434 α.
955 3383 998 3436 45.
1015 3387 1157 3450 praecito.

314 3558 358 3608 23.
378 3555 524 3622 eoeereitos]
538 3559 809 3608 eoeeret'tuseteeree'te‘
848 3559 926 3606 ortas
939 3561 989 3617 est,
1000 3557 1126 3622 fugiant.
1145 3555 1394 3624 Cir.Ambr.hymo.

262 3625 535 3692 dieitursatt'gatus,
555 3630 725 3676 amonitates
744 3638 806 3676 vero
847 3622 880 3687 V,
898 3624 914 3674 9
933 3623 1021 3690 [Febr.
1042 3626 1061 3676 i.
1083 3625 1102 3675 Ι.
1120 3641 1147 3691 p.
1161 3624 1245 3692 787.].
1282 3628 1396 3690 Augusti

264 3694 360 3745 doetus
372 3695 408 3758 gl.
421 3709 446 3746 a.
848 3691 1049 3756 Denkwiirdigk.
1064 3694 1083 3744 l.
1100 3694 1117 3744 l.

313 3763 357 3813 29.
376 3778 431 3812 voce
451 3764 484 3813 ab
505 3763 563 3813 alto
576 3761 704 3828 eulmine]
723 3761 805 3813 Sicuti
902 3761 946 3811 43.
960 3763 1028 3828 situ]
1037 3767 1108 3813 situs
1117 3769 1160 3813 est
1167 3767 1281 3830 proprie
1290 3763 1395 3830 lanugo

262 3831 328 3881 diem
342 3831 433 3881 adesse
447 3845 509 3881 aves
523 3829 555 3880 ab
572 3829 624 3880 olto
637 3832 746 3882 eulmine
760 3846 807 3882 an·
848 3831 982 3895 quaedem
994 3835 1022 3882 ἐκ
1035 3833 1101 3882 loeis
1113 3833 1167 3884 solt
1177 3837 1321 3883 ieaeeesse's
1331 3849 1396 3884 ees·

262 3900 389 3963 nuntient,
403 3899 440 3948 ite
454 3899 551 3949 Christi
565 3915 578 3949 a
591 3900 663 3960 eaelo
676 3917 727 3952 vox
739 3901 805 3950 lueis
848 3915 910 3950 eene
921 3902 1087 3967 poniturque
1099 3907 1239 3952 vetustate
1251 3901 1287 3964 gl.
1302 3918 1326 3952 s.

261 3968 382 4036 operibns
396 3983 498 4033 operam
511 3976 541 4019 ut
553 3968 688 4032 daremus,
709 3985 755 4020 nos
767 3973 805 4019 in·
900 3970 941 4019 45.
962 3968 1084 4035 signum]
1104 3968 1271 4022 Gallicininrn
1290 3972 1328 4021 nti
1347 3987 1395 4023 nn·

260 4037 335 4089 vitet.
847 4039 949 4088 nuntiat
966 4047 1177 4105 approperootsm
1196 4041 1278 4104 diem,
1298 4041 1337 4090 sio
1348 4042 1396 4090 ed-

310 4109 353 4158 37.
367 4105 546 4172 Feruntsqq]
558 4105 699 4156 Daemones
708 4108 734 4156 in
743 4121 804 4159 esre
846 4109 978 4157 versarios
992 4108 1069 4157 simul
1081 4108 1277 4159 commonefacit
1290 4111 1395 4176 propin-

260 4177 371 4240 versari,
386 4176 543 4240 Augustinus
556 4175 587 4228 de
601 4174 652 4226 oiv.
664 4175 706 4224 dei
719 4177 803 4226 doeet.
846 4176 889 4242 qni
902 4177 1028 4227 adventus
1047 4176 1098 4227 diei
1111 4177 1260 4240 novissimi,
1279 4194 1329 4244 quo
1342 4179 1394 4243 ipsi

259 4244 328 4296 idem
341 4261 423 4296 sermo
441 4246 504 4296 103:
522 4245 582 4296 Ista
601 4244 742 4295 damonia
761 4261 805 4294 se·
846 4247 993 4296 otmundus
1011 4261 1098 4298 eoram
1117 4245 1221 4299 Christo
1240 4248 1327 4298 indiee
1340 4253 1395 4299 sta·

260 4315 357 4365 durare
370 4318 479 4366 animae
488 4319 636 4381 quaeruut,
649 4313 697 4366 sed
708 4313 756 4364 utri
763 4313 806 4366 sol
847 4313 918 4365 boot.
