3020 4832
654 278 731 332 aun.
745 257 926 332 rnununru
939 277 1042 332 annu.

443 464 525 529 Loth
540 467 667 529 monitis
682 467 806 542 sapiens
818 468 1025 544 obtemperat:
1043 471 1076 528 at
1090 466 1170 530 levis
1184 481 1267 533 uxor

379 561 549 622 mobilitate
564 560 659 622 animi
675 561 769 624 torsit
783 561 933 624 muliebre
947 565 1104 624 retrorsus

296 666 346 718 555
377 655 538 730 ingenium
554 651 760 731 Sodomisque
774 656 841 718 suls
856 655 1041 718 revocabilis
1056 656 1170 719 haesit.

379 748 537 812 Traxerat
551 748 620 812 Eva
634 752 736 813 virum
752 749 839 812 dirae
854 751 898 812 ad.
908 751 1067 812 consortia
1081 751 1209 827 culparet

381 844 457 905 baec
472 859 604 921 peccans
620 845 678 906 sibi
693 844 761 906 sola
776 844 867 920 perit,
885 843 1016 905 solidata
1031 845 1155 906 metallo

383 940 513 1015 diriguit
528 940 645 1017 begin,
663 953 838 1014 saxumque
853 939 1000 1014 liquabile
1016 939 1098 1000 iacta

382 1042 446 1100 stat
460 1039 584 1114 muller,
602 1039 685 1122 sicut
700 1041 830 1100 steterat
844 1037 943 1113 prius,
961 1037 1064 1098 omnia
1079 1049 1221 1113 servans,

297 1145 347 1195 555
382 1136 474 1195 caute
488 1132 619 1209 sigillati
633 1133 762 1209 longurn
778 1133 853 1198 salis
869 1132 1019 1209 effigiata,

384 1233 416 1290 et
431 1230 524 1290 decus
540 1232 573 1290 et
587 1229 705 1292 cultum
720 1229 917 1304 frontemque
931 1227 1101 1304 oculosque
1116 1241 1306 1304 comamque,
1370 1227 1373 1288 ἓ

384 1327 415 1384 et
431 1323 542 1384 dexarn
555 1324 589 1385 tn
604 1327 728 1400 tergum
743 1324 854 1386 taciem
869 1323 1067 1399 paullumque
1081 1323 1181 1386 relata

383 1421 487 1478 menta
502 1420 598 1494 retro,
616 1418 764 1494 antiquae
778 1418 969 1480 monimenta
983 1418 1118 1494 rigentia
1133 1431 1245 1480 noxae.

384 1508 531 1586 Liquitur
544 1512 596 1573 ille
612 1513 735 1588 quidem
751 1513 844 1575 salsis
860 1513 1025 1575 sudoribus
1039 1513 1112 1590 uda,

299 1615 349 1667 555
381 1602 436 1664 sed
451 1603 536 1665 nulla
552 1619 592 1666 ex
607 1605 702 1668 iiuido
717 1606 827 1682 plenae
842 1606 1002 1682 dispendia
1017 1605 1136 1667 1555555

384 1698 481 1759 sentit
495 1698 648 1778 deliqui03
672 1703 884 1776 quantumque
898 1704 1038 1762 armenta
1053 1713 1199 1775 saporum

383 1797 547 1856 attenuant
562 1808 685 1872 saxum,
703 1799 825 1857 tantum
841 1795 1046 1857 lambentibus
1060 1795 1173 1858 humor

384 1887 502 1949 suiilcit
516 1889 715 1965 attritamque
731 1893 832 1952 cutem
848 1904 903 1965 per
918 1889 1048 1965 dampna
1062 1889 1221 1951 reformat.

385 1980 452 2044 Hoc
469 1986 581 2046 meruit
595 1986 688 2047 titulo
703 1987 862 2062 peccatrix
878 1987 993 2049 lomina
1008 1987 1091 2063 sisti,

300 2088 350 2139 555
382 2077 539 2140 intirmum
553 2079 744 2156 fluidumque
759 2081 895 2143 animum
911 2095 968 2156 per
981 2081 1101 2143 lubrica
1116 2081 1240 2142 solvens

385 2171 515 2233 consilia
531 2176 564 2233 et
578 2173 701 2250 fragilis
717 2175 805 2237 iussa
819 2174 858 2236 ad
873 2174 1030 2236 caelestia.
1055 2171 1129 2237 Voti

385 2266 577 2341 propositum
592 2271 701 2330 eontra
717 2255 778 2330 non
794 2267 1002 2330 conmutabile
1017 2271 1134 2329 servat.

384 2354 467 2419 Lotb
482 2358 646 2436 ingressus
661 2362 733 2439 iter,
750 2377 808 2424 uec
823 2363 945 2424 moenia
959 2361 1098 2436 respicit,
1116 2360 1180 2422 alto

385 2455 418 2516 in
434 2455 569 2518 cinerem
584 2457 733 2534 conlapsa
746 2471 836 2534 rogo,
853 2455 1062 2533 populumque
1077 2458 1237 2532 perustum

301 2557 351 2609 555
384 2551 416 2608 et
429 2563 532 2610 mares
547 2551 662 2627 populi,
680 2551 846 2627 tabularia,
863 2551 932 2612 iura
947 2550 1122 2625 lorumque,

385 2644 506 2721 balnea,
524 2649 679 2724 propolas,
697 2648 868 2722 meritoria,
886 2646 1010 2722 templa,
1028 2646 1161 2722 theatra,

386 2743 418 2800 et
432 2740 550 2801 circum
565 2755 636 2805 cum
652 2740 740 2818 plebe
754 2754 812 2804 sua
828 2740 1027 2816 madidasque
1040 2741 1181 2816 popinas.

389 2831 545 2916 Quidquid
561 2840 660 2912 agunt
673 2835 814 2898 homines
830 2832 1045 2910 Sodomorum,
1062 2834 1206 2896 incendia
1219 2833 1311 2896 iustis

387 2932 513 3007 ignibus
529 2932 693 2996 involvunt
706 2937 739 2994 et
754 2927 879 2995 Christo
893 2931 996 2993 iudice
1011 2932 1189 3007 dampnant.

302 3035 352 3087 555
386 3022 472 3086 Haec
488 3026 609 3103 iugisse
624 3028 721 3089 semel
736 3028 815 3089 satis
830 3030 896 3089 este
914 3041 976 3088 non
990 3027 1119 3103 respicit
1133 3027 1217 3088 ultra

387 3118 468 3183 totu
483 3126 601 3201 noster,
620 3123 742 3200 lragilis
757 3124 810 3184 sed
827 3123 963 3185 coniunx
978 3124 1116 3200 respicit,
1135 3126 1166 3184 et
1180 3135 1260 3197 quae

386 3219 522 3296 ingerat,
539 3220 666 3282 inverso
681 3219 838 3282 mutabilis
853 3233 907 3281 555
922 3220 1043 3295 revisit,

370 3391 428 3442 738.
449 3407 466 3441 a
480 3392 510 3444 Α.
607 3391 667 3442 739.
687 3389 829 3453 tractem
846 3397 985 3442 retrorsus
998 3390 1038 3440 25
1050 3407 1076 3441 u.
1176 3390 1235 3442 741.
1258 3385 1424 3442 1155555510

302 3460 458 3524 Aldlrugd.
565 3459 623 3511 743.
641 3461 758 3526 fragilia
778 3459 835 3509 bid.
851 3458 948 3524 Lugd.;
968 3459 1133 3510 lienbilala.
1255 3458 1426 3524 746515551-

302 3531 380 3581 latim
394 3528 487 3594 Prug„
506 3529 645 3595 5653611511
658 3528 702 3578 lm
710 3547 721 3592 ‚-
739 3544 843 3594 semper
854 3527 887 3578 W
904 3534 988 3594 (supra
1002 3529 1124 3594 longum)
1136 3527 1210 3592 Prag.
1226 3524 1286 3579 bat.
1299 3543 1332 3577 nr.

371 3598 430 3648 746.
450 3613 599 3664 munusque
612 3597 644 3649 W
659 3597 1016 3663 (supracomumque)1³rug.
1123 3598 1182 3648 iti.
1195 3597 1304 3664 ι11555555
1319 3597 1330 3646 i
1346 3593 1427 3662 uat.;

302 3671 331 3717 a'rt
344 3671 419 3732 tergo
432 3664 470 3730 lt;
489 3666 765 3732 interdumsucilcm:
776 3667 940 3733 paulumque
952 3667 1043 3717 leuata
1056 3682 1082 3716 u.
1187 3665 1246 3716 748.
1260 3668 1428 3715 monimenta

302 3733 401 3785 uSicb.
410 3741 465 3784 tres
477 3733 577 3787 Weitz.
591 3734 669 3787 Cher.
683 3734 768 3786 Poett.
782 3737 876 3786 dmstr.
892 3734 968 3794 obt..
988 3739 1161 3785 monumenta
1175 3751 1192 3783 5
1205 3749 1220 3784 5
1233 3750 1257 3784 m
1270 3734 1327 3785 bid.
1343 3731 1428 3798 Lugd.
1495 3753 1496 3760 ¹

303 3803 380 3854 Fabr.
395 3803 551 3854 niellatas.
567 3803 632 3856 Geli.
648 3806 725 3854 Arev.
837 3804 895 3854 iti.
916 3805 948 3854 dc
960 3804 1063 3871 liquido
1077 3802 1153 3867 Prag.
1167 3802 1224 3854 nat.
1240 3803 1294 3866 (1515
1307 3801 1430 3870 deliquio
1495 3839 1496 3848 .

301 3888 346 3938 pro
363 3872 416 3924 div.
438 3874 540 3938 script.)
560 3890 593 3942 u3
625 3878 734 3924 armata
754 3887 779 3922 5.
905 3873 965 3923 758.
985 3871 1132 3937 ultuPrag.
1245 3872 1305 3922 769.
1324 3875 1431 3922 eineres
1495 3883 1496 3910 t

303 3942 358 4005 lu,
384 3945 552 4009 cineremque
570 3941 664 4006 Prag.;
692 3957 743 4008 per
761 3944 826 3992 iuct.
848 3941 878 3992 Α.
1018 3942 1077 3992 761.
1095 3941 1320 4008 propalarint.

336 4011 395 4063 761.
411 4015 544 4078 propinas
558 4010 613 4063 tiis.
628 4008 706 4072 bob,
725 4016 856 4076 utramque
870 4010 930 4060 1551.
945 4010 1066 4075 cognovit
1078 4009 1127 4060 155.
1234 4009 1292 4059 766.
1308 4012 1435 4059 contiuno

301 4096 320 4127 α
331 4081 453 4130 5551111.
468 4079 550 4145 Lngd.
564 4080 632 4130 stein.
644 4089 697 4131 tres
710 4079 787 4130 Char.
801 4077 883 4130 Poett.
900 4080 997 4130 Amstr.
1011 4079 1102 4130 115155.
1116 4078 1193 4143 bob,
1207 4081 1307 4130 coniue-
1320 4093 1335 4128 ι
1350 4077 1432 4128 Febr.

301 4145 356 4199 die.
370 4146 467 4200 Weitz.
483 4148 549 4200 deii.
563 4153 639 4200 brev.
743 4149 802 4198 767.
821 4150 960 4200 motabilis
972 4147 1047 4213 Prag.
1063 4163 1089 4199 5.

353 4301 412 4351 761.
431 4300 587 4365 meritorio]
600 4300 657 4351 vid.
672 4301 759 4352 1155115.
772 4300 838 4354 ride.
848 4303 892 4368 ti,
905 4304 947 4362 17,
957 4301 1000 4368 qui
1010 4301 1087 4354 Prud.
1101 4303 1182 4353 locum
1195 4301 1276 4354 155155
1284 4299 1417 4368 explieat.
