3046 4830
469 337 732 392 lxnlddnnnldod
751 337 812 390 llll.

389 528 435 590 itis
451 543 525 590 sena
542 529 673 590 indicum
689 528 818 590 semina.

436 619 519 704 Quin
535 627 567 684 et
582 636 718 699 propago
735 623 871 698 degener

389 717 484 778 ritum
500 720 608 777 secuta
623 716 828 790 inconditum,

389 826 592 890 quaecunque
607 813 708 874 dirum
724 813 854 873 fervidis

388 906 464 971 Bael
480 909 610 970 caminis
627 912 767 984 coxerat,

435 1003 558 1064 dinosa
573 1015 701 1063 avorum
718 1003 846 1064 numina

392 1113 516 1174 saxum,
536 1096 707 1174 metellum,
725 1098 874 1173 stipitem,

389 1209 506 1270 rasum,
525 1194 674 1269 dolatum,
693 1193 813 1270 sectile,

389 1291 422 1353 in
439 1287 559 1353 Christi
575 1289 723 1351 honorem
739 1290 865 1351 deserit.

434 1379 574 1448 Gaudete
590 1388 736 1463 quidquid
753 1387 892 1463 gentium
910 1388 970 1459 est,

388 1475 514 1557 Iudaeo,
532 1479 632 1545 Rome
648 1488 680 1545 et
696 1481 840 1557 Graecia,

389 1572 545 1654 Aegypte,
564 1573 685 1654 Thrax,
704 1573 810 1652 Persa,
829 1571 961 1651 Scytha,

388 1683 446 1730 nex
463 1685 544 1732 unus
560 1687 667 1733 omnes
682 1672 832 1748 possidet.

430 1762 571 1836 Laudato
586 1770 727 1828 vestrum
742 1765 911 1842 principem

388 1875 495 1922 omnes
510 1863 593 1923 lenti
608 1877 644 1921 ac
659 1860 783 1937 perditi,

389 1955 466 2030 vlvi,
484 1955 619 2017 inbecilli
636 1970 673 2016 ac
688 1954 819 2016 mortui:

391 2049 450 2111 iant
469 2065 557 2112 nemo
573 2052 701 2128 posthac
716 2054 871 2112 mortuns.
939 2115 941 2120 ,

166 2201 226 2254 193.
247 2203 300 2270 Qui
311 2221 358 2255 nec
370 2221 401 2269 e,
422 2206 477 2272 Qui
489 2213 517 2258 et
527 2222 603 2272 supro
617 2206 675 2257 odd.
689 2223 707 2258 a
720 2207 745 2258 b.
853 2205 911 2256 191.
932 2207 1099 2270 incognitum
1116 2205 1189 2270 Pneg.

113 2273 172 2324 195.
193 2273 291 2324 deiram
303 2275 324 2324 Α
338 2273 357 2325 Ε
373 2273 391 2325 Η
406 2273 424 2324 Ρ
436 2294 453 2324 α
466 2293 482 2342 q
495 2276 554 2328 nid.
569 2276 650 2340 Lngd.
667 2275 749 2339 0bb.,
769 2274 835 2342 quod
849 2281 948 2340 spectet
960 2274 992 2324 od
1006 2280 1125 2324 conterat.
1155 2275 1219 2326 Esse

94 2341 193 2392 aarum
206 2344 281 2393 etiem
297 2344 321 2394 in
334 2341 410 2410 Preg.
426 2345 482 2396 liet.
503 2363 516 2396 e
530 2345 632 2396 silentio
650 2341 763 2396 Marietti
780 2344 962 2410 suspicavecim
982 2342 1007 2394 in
1021 2341 1112 2394 Aldine
1128 2344 1162 2394 nil
1175 2347 1220 2394 ad-

95 2411 218 2462 notantis.
363 2413 420 2466 196.
441 2415 532 2465 Badol
543 2433 560 2464 α
573 2415 588 2465 b
603 2415 662 2478 (non
679 2414 780 2479 Lean),
796 2411 879 2482 [naal
891 2412 922 2463 Α.
938 2411 998 2464 325.
1015 2409 1083 2462 ΒᾶαΙ
1095 2429 1126 2463 ex
1140 2428 1219 2479 quan-

94 2480 169 2532 titate
183 2479 262 2531 latine
276 2479 361 2532 Sedul.
378 2483 410 2547 V,
425 2481 503 2552 147];
521 2491 654 2534 coxerant
667 2481 744 2534 Leuc.
761 2484 819 2534 dld.
836 2481 934 2546 Lugd,
953 2485 1060 2532 coece-it
1074 2483 1104 2532 Α.

167 2550 224 2600 197.
244 2555 351 2601 nomina
367 2554 415 2604 1α.
541 2553 598 2604 199.
619 2554 740 2604 sectilem
753 2568 767 2602 e
782 2553 797 2603 b
810 2552 819 2602 i
832 2550 928 2602 Weilz.
1044 2551 1103 2601 200.
1119 2552 1219 2602 donare

95 2634 119 2666 u.
227 2619 286 2669 203.
306 2619 400 2671 See'tda
414 2615 447 2672 W
461 2619 535 2672 dola.
550 2620 647 2674 Waltz.
668 2623 744 2675 Soita
758 2621 795 2686 ll,
814 2628 843 2672 et
854 2620 956 2690 Scytha
968 2617 1046 2670 Febr.
1062 2619 1128 2682 Gis,
1152 2621 1219 2688 Sey-

97 2688 154 2736 etia
170 2685 226 2738 did.
243 2688 335 2754 Lugd,
356 2696 382 2740 et
394 2693 503 2760 scythia
517 2709 542 2742 u.

149 2842 205 2895 191.
222 2847 346 2896 retum...
356 2845 535 2912 inconditam]
546 2845 623 2896 Ellni
678 2853 732 2896 tete
745 2846 873 2912 explicet,
892 2853 921 2895 nt
933 2844 988 2894 Cic.
1002 2845 1027 2894 ia
1039 2843 1153 2894 Pisonem
1166 2861 1189 2894 e.
1206 2845 1217 2894 1

95 2926 191 2961 corum.
671 2915 803 2980 famosae
816 2919 948 2979 imagines
961 2915 980 2964 i.
995 2930 1018 2962 e.
1039 2913 1162 2963 maiorum
1178 2929 1220 2963 es-

149 3015 205 3066 196,
227 3013 308 3082 3001]
323 3013 380 3066 pei,
401 3017 508 3082 quodvis
529 3019 634 3068 idolum·
679 2991 798 3034 servatae
820 2983 968 3034 insedibus
995 2990 1021 3032 el
1041 2985 1089 3034 iem
1114 2983 1220 3065 pulvere

95 3081 149 3133 eff,
166 3083 264 3136 septen,
284 3085 315 3134 p,
334 3084 382 3135 dii,
402 3085 485 3154 Μὴ
507 3095 633 3156 symm
680 3052 797 3118 fumoque
811 3067 917 3102 necnon
938 3053 969 3102 ole
982 3059 1134 3102 vetustatem
1149 3053 1220 3136 dent:

96 3151 125 3214 ll,
143 3154 166 3214 1,
181 3154 206 3202 2,
679 3129 784 3185 pratee,
801 3121 912 3172 lovenel.
929 3121 954 3184 8,
970 3121 984 3171 8
1003 3122 1133 3172 Fumosae
1146 3139 1220 3188 ψη.

679 3197 738 3242 tum
752 3207 812 3242 eam
825 3192 962 3242 dictatore
974 3195 1131 3254 magistrae.
1149 3191 1218 3240 idole

109 3318 114 3330 .
147 3255 206 3306 197.
219 3254 347 3323 famosa]
366 3258 547 3310 sacrificiorum
567 3258 636 3312 inmo
678 3268 780 3311 veteres
794 3261 924 3325 ungebant
942 3257 989 3310 cic.
1009 3259 1035 3309 S.
1051 3258 1135 3322 1‚‚203
1148 3275 1218 3309 eaaa

98 3326 175 3374 electa
193 3333 219 3374 et
238 3326 351 3376 sordido.
378 3327 432 3378 ele.
454 3328 501 3379 0v.
525 3327 634 3387 lusto,
679 3331 759 3380 inlita
791 3333 859 3381 cerie
885 3328 1001 3381 Viderat
1029 3334 1219 3394 ungeeontoqae

97 3388 146 3438 518
172 3393 278 3443 Ρνοηιίι
298 3397 413 3460 samono
441 3397 550 3450 condeta
573 3395 649 3448 vitea
679 3399 751 3449 lat-ee
773 3401 924 3449 humescere
945 3401 1056 3461 nigrae,
1079 3396 1140 3447 Mle.
1163 3397 1216 3446 nel.

97 3458 172 3508 cado.
198 3461 327 3514 detlerius
337 3465 452 3529 famosa
471 3467 504 3516 de
525 3467 636 3532 aetiani·
678 3467 698 3529 l,
712 3469 726 3518 3
741 3469 804 3518 ibid.
819 3467 882 3517 Coll.
896 3468 1001 3531 interpr.
