2994 4826
264 291 326 353 230
626 285 703 336 tun.
719 283 898 336 PRUDENTH
913 283 1029 354 ctum

349 476 485 538 adscitae
501 478 596 538 terris
612 476 670 537 sut
686 475 851 551 relligione
865 473 1006 534 iaoentis.

351 566 452 651 Quam
467 571 562 646 podet
578 571 635 631 hoc
651 569 714 630 illis
729 582 926 646 persuasum,
945 567 1061 630 talibus
1078 573 1113 631 ut
1127 584 1162 631 se

351 663 571 740 Romanasque
586 664 670 724 acies
687 666 853 724 censerent
868 657 981 723 Martis
997 675 1103 724 emere

264 769 314 822 285
348 773 440 834 posse
455 759 536 834 regi,
553 759 625 819 dum
642 772 676 819 se
691 755 829 832 Paphiae
844 756 924 818 mele
939 757 1073 830 blandus
1088 757 1211 819 adulter

353 853 494 914 venditat
508 851 735 926 Aeneadasque
750 865 826 912 suos
842 852 1041 913 successibus
1057 851 1175 928 auget?

348 945 482 1024 Felices,
500 949 528 1010 si
544 952 656 1010 cuncta
673 945 740 1010 Deo
755 962 814 1009 sua
830 958 977 1023 prospera
993 940 1120 1009 Christo

348 1044 489 1119 principe
504 1044 654 1119 disposita
671 1043 818 1118 scissent,
836 1043 890 1118 qui
906 1057 1034 1104 currere
1050 1055 1147 1119 regua

349 1137 443 1198 certis
460 1138 554 1199 ducta
570 1137 669 1198 modis
684 1133 959 1210 Romanorumque
974 1137 1148 1211 triumphos

264 1243 314 1294 eso
350 1246 492 1295 crescere
508 1237 539 1293 et
554 1232 679 1308 inpletis
695 1232 795 1294 voluit
810 1247 846 1293 se
860 1233 1024 1294 inluodere
1040 1233 1143 1296 seclis.

348 1323 407 1390 Sed
424 1328 597 1404 caligantes
614 1329 734 1390 animas
750 1332 781 1390 et
797 1329 866 1389 luce
881 1332 1024 1390 carentes

350 1423 383 1484 in
399 1420 485 1485 lovis
500 1421 700 1499 Augustique
716 1425 823 1499 adytis
838 1425 1024 1500 templisque
1039 1425 1171 1486 datarum

349 1512 503 1578 Iunonum
519 1513 693 1591 Martisque
708 1517 802 1578 etiam
821 1513 1014 1592 Venerisque
1029 1517 1154 1578 sacellis

349 1615 501 1673 mactatas
517 1615 598 1672 tetro
612 1610 668 1672 leti
684 1613 854 1674 inmersere
869 1613 1026 1686 barathro,

265 1719 315 1770 295
350 1723 527 1784 supremum
545 1707 684 1784 regimen
701 1709 818 1770 crassis
833 1709 865 1769 in
882 1708 1122 1784 panormeorum

351 1821 422 1867 csse
436 1806 497 1866 rati
513 1818 677 1880 mersoque
691 1805 754 1880 poli
769 1805 942 1866 consistere
957 1804 1066 1866 tundo.

408 1894 564 1979 Quidquid
581 1899 705 1974 numus,
725 1898 873 1975 quidquid
889 1899 1018 1975 pelagus
1034 1897 1175 1960 mirabile
1191 1898 1336 1975 gignunt,

351 1995 382 2055 id
397 1995 515 2056 duxere
531 1995 622 2056 deos:
643 1995 751 2072 colles,
770 1996 862 2070 treta,
881 1995 1019 2072 flumina,
1038 1995 1191 2056 dammas.

351 2089 437 2152 Haec
453 2093 512 2152 siti
529 2092 704 2168 pervarias
721 2093 854 2153 formata
871 2090 1022 2153 elementa
1038 2093 1157 2168 ligures

265 2197 317 2248 eoo
350 2188 542 2249 constituere
556 2191 673 2263 panes,
692 2188 913 2261 hominumque
928 2187 1079 2249 vocabula
1094 2187 1190 2250 mutis

350 2282 545 2356 scripserunt
560 2285 673 2345 statuis
688 2283 739 2344 vel
754 2280 938 2358 Neptunum
953 2283 1128 2344 vocitantes

351 2391 501 2438 oceanum
517 2378 566 2439 vel
583 2375 730 2455 Cyaneas
746 2393 823 2442 cava
838 2378 967 2440 llumina
982 2376 1149 2454 Nymphas

350 2475 400 2536 vel
416 2474 512 2536 silves
529 2473 685 2553 Dryadas,
704 2477 754 2542 vel
770 2476 859 2538 devie
874 2489 949 2538 rura
963 2472 1122 2550 Napaeas.

350 2563 420 2642 lpse
436 2567 531 2644 ignis,
550 2573 693 2631 nostrum
709 2570 811 2630 lactus
826 2569 880 2643 qui
897 2569 996 2629 servit
1011 2567 1049 2628 ad
1065 2582 1170 2644 usum,

266 2674 316 2724 eos
351 2660 513 2726 Vulcanus
528 2665 707 2739 perornetur
722 2668 753 2726 et
768 2665 800 2725 in
815 2665 934 2727 virtute
950 2676 1084 2741 superna

352 2761 492 2836 tingitur,
512 2777 548 2821 ac
563 2761 690 2823 delubra
705 2758 792 2824 Deus
809 2765 841 2821 et
855 2761 981 2822 nomine
996 2764 1028 2820 et
1042 2774 1096 2821 ore

334 2897 394 2947 282.
414 2897 692 2948 Adscitoe...doeonlis
707 2897 726 2947 Ε
743 2897 775 2947 W
788 2897 862 2960 Pras.
879 2913 901 2947 m
917 2895 1013 2948 Weitz.
1027 2896 1123 2948 Amstr.
1140 2897 1228 2948 Heius.
1243 2897 1305 2950 Ans.
1317 2897 1388 2958 ott,
1474 2889 1475 2960 l

266 2967 547 3017 Adseiloe...iocenles
562 2967 579 3015 Β
592 2967 671 3018 Lour.
687 2967 742 3018 llet.
758 2982 773 3016 a
786 2983 802 3016 ιι
814 2966 874 3017 Ald.
890 2966 972 3029 Logd⁴
987 2965 1057 3016 sict.
1068 2973 1121 3018 tres
1134 2965 1212 3016 Febr.
1224 2965 1280 3018 uis.
1296 2967 1391 3030 (ineen-
1474 2973 1475 2976 ’

266 3035 329 3098 ter's)
344 3035 438 3098 Grang.
453 3035 528 3085 Cher.
546 3035 645 3096 Fecit,
664 3036 776 3086 Adrasto
790 3039 957 3088 a...iaeentes
977 3051 995 3084 α
1008 3037 1103 3099 Areu,
1123 3035 1390 3088 Adsctta...e'ooentee

265 3120 296 3154 en
310 3104 410 3154 Heiusii
424 3105 573 3154 coniectura
589 3103 653 3154 cell.
670 3104 744 3155 Teol.
868 3105 927 3154 285.
949 3120 1009 3154 curn
1029 3104 1086 3156 flat.
1101 3103 1198 3156 Weitz.
1215 3120 1272 3155 cum
1287 3106 1315 3154 u.

310 3173 370 3224 288.
392 3173 514 3239 deposito
528 3190 552 3224 ιι.
664 3174 723 3224 289.
745 3175 893 3240 triumphis
907 3172 983 3236 Prag.
998 3173 1058 3224 ald.
1075 3174 1154 3237 Lugd.
1170 3172 1304 3226 Siclt.tres
1318 3172 1388 3223 Febr.

264 3241 320 3294 Gis.
336 3242 430 3308 Grang.
447 3241 523 3292 Cher.
539 3242 621 3293 Poelt.
638 3243 731 3293 Amstr.
853 3242 912 3292 296.
931 3259 960 3292 so
973 3257 1029 3292 exc.
1043 3259 1068 3294 a.
1192 3243 1252 3294 292.
1272 3245 1390 3307 angusti-

265 3329 315 3377 que
334 3328 357 3362 e.
482 3311 542 3362 29-1.
562 3314 671 3362 baratri
686 3311 761 3375 Prag.
867 3311 927 3362 295.
942 3313 1032 3362 orbem
1044 3312 1102 3362 Ald.
1119 3311 1200 3374 Lugd.
1273 3313 1333 3362 296.
1349 3312 1392 3362 lle

177 3413 179 3418 ·
263 3387 337 3432 serat
350 3385 530 3445 immensoque
544 3381 574 3430 ad
589 3395 658 3430 oram
672 3379 762 3431 dEsso
774 3383 835 3430 rati
847 3397 881 3430 ιιι.
998 3381 1134 3432 297...398
1148 3381 1275 3432 inscribb.
1291 3382 1330 3432 De
1343 3380 1392 3429 eul-

266 3455 334 3500 inris
348 3452 540 3500 cleritentorum
558 3451 606 3499 sud
625 3453 713 3516 speeie
725 3449 895 3516 quorundam
915 3464 968 3498 oon
987 3449 1098 3500 deorum
1117 3450 1162 3500 sed
1181 3450 1322 3500 dentonum
1337 3448 1391 3499 Bal.

265 3535 297 3569 m.
336 3520 394 3570 tui.
408 3521 503 3582 gignit
516 3518 549 3568 W
563 3522 651 3584 (sopra
661 3522 792 3584 gignunt)
807 3519 848 3568 2α
862 3534 877 3567 ιι
890 3515 986 3569 Weitz.
1003 3517 1063 3581 (oon
1078 3517 1096 3568 B
1112 3519 1128 3568 P
1141 3518 1234 3582 Laus.)
1248 3521 1329 3570 Arev.

351 3588 410 3638 298.
431 3587 564 3638 Indurcore
578 3589 598 3636 0
612 3588 630 3636 R
644 3587 663 3636 ll
681 3588 754 3650 Preg.
770 3585 827 3637 liat.
844 3603 867 3636 m
881 3585 966 3636 Coler.
982 3589 1012 3636 ad
1027 3587 1084 3637 Vol.
1099 3585 1169 3638 Max'.
1184 3604 1206 3653 p.
1224 3589 1274 3639 568
1288 3587 1391 3646 Weilz„

264 3653 450 3718 desectoque.
466 3655 561 3706 initiali
576 3657 680 3717 emisse,
695 3655 741 3707 elo.
757 3655 788 3704 ad
802 3673 825 3706 v.
836 3655 895 3714 233)
910 3671 938 3716 a,
954 3658 1019 3721 qood
1035 3655 1066 3706 Id
1079 3655 1180 3705 duxere
1195 3658 1234 3706 vel
1248 3657 1393 3707 Adduxere

267 3725 317 3788 legi
331 3731 432 3790 potest,
452 3724 484 3774 ld
497 3726 590 3776 dixere
605 3723 640 3790 li,
659 3727 796 3776 Indaeucoro
808 3726 856 3775 deo
870 3725 924 3775 slve
937 3727 991 3774 doe's
1006 3725 1072 3774 conl.
1091 3725 1178 3775 Heius.
1275 3725 1334 3776 299.
1350 3726 1395 3774 titi

266 3811 298 3860 ιις
311 3794 443 3857 forment
455 3794 476 3842 A
490 3793 509 3842 E
525 3793 532 3843 1
548 3795 566 3844 P
579 3793 611 3843 W
634 3794 734 3860 (snpra)
750 3793 792 3843 2α
805 3794 863 3843 Ald.
879 3794 959 3854 Lupd.
968 3831 976 3856 ,
999 3795 1113 3859 formul
1135 3793 1188 3857 la3
1215 3803 1273 3860 post
1290 3797 1392 3862 figrcras

265 3869 357 3929 puncto
371 3861 539 3926 distinguitur
552 3863 577 3912 io
593 3881 617 3913 u.
723 3863 784 3914 303.
804 3863 900 3913 siloam
915 3859 973 3912 Ald.
988 3855 1076 3928 Lugd;
1095 3861 1206 3927 Napeae
1220 3879 1242 3912 ιιι
1257 3880 1273 3912 ιι
1287 3863 1392 3922 welle,

265 3933 384 3998 nupdeas
398 3930 474 3995 Prag.
489 3947 512 3981 u.
628 3935 686 3984 30l.
706 3934 780 4000 Ignis
793 3935 848 3998 ipse
862 3931 915 3980 inv.
931 3947 956 3982 u.
1079 3931 1139 3982 305.
1160 3936 1209 3997 qui
1221 3937 1249 3981 ln
1263 3931 1293 3990 P,
1312 3936 1360 3997 qni
1371 3945 1393 3996 p.

265 4007 292 4051 et
305 4004 331 4050 in
345 4000 403 4052 All.
420 4001 502 4066 Lugd.
517 4001 587 4051 siet.
597 4009 649 4052 tres
670 4002 746 4052 Chor.
762 4000 845 4052 Poett.
1001 4000 1060 4050 306.
1082 4001 1139 4051 deis
1152 4009 1180 4050 et
1192 4005 1298 4050 ortma'ne
1312 4008 1339 4050 nl
1353 4015 1394 4050 ore

265 4071 449 4122 Aesimdlotns
462 4069 527 4120 coni.
545 4071 633 4121 Helos.

316 4189 365 4241 292
386 4205 421 4255 sq.
442 4191 559 4240 duonum
582 4189 726 4257 lordonum]
746 4189 804 4242 Vid.
851 4189 900 4238 sud
913 4193 999 4250 speeie
1019 4189 1189 4255 quorundum
1207 4203 1260 4238 non
1276 4189 1394 4250 deornm,

266 4273 341 4325 supro
355 4260 415 4308 251.
851 4258 899 4307 scd
918 4259 1078 4306 doemonum
1105 4257 1221 4306 inscribit
1259 4257 1394 4307 nonnullae

315 4328 363 4377 297
381 4330 452 4379 ..368
471 4328 503 4378 de
522 4329 596 4378 orello
617 4329 807 4378 clernenlordm
852 4327 909 4377 edd.
925 4334 988 4389 vett.
1005 4326 1051 4377 cfr.
1070 4341 1139 4377 vorr.
1156 4328 1228 4377 leoli.
