3046 4830
521 233 790 290 cinnomannico
803 237 847 290 ΙΙΙ.

338 436 449 499 expers
464 424 606 500 principii
620 437 792 500 carensque
807 427 878 501 tine,

337 533 441 582 rerum
456 519 596 581 conditor
611 523 643 580 et
657 525 798 595 repertor
812 522 914 584 ortis:

379 614 450 675 iens
466 615 549 675 vitae
563 613 681 689 liquida
697 613 796 676 iiuens
810 616 848 676 ab
863 631 945 690 arce,

337 707 461 768 iniusor
475 708 558 786 fidei,
577 715 663 772 sator
677 711 816 787 pudoris,

338 805 447 865 mortis
461 807 660 884 perdomitor,
679 808 790 870 salutis
806 813 926 871 auctor.

379 892 497 961 Omnes
513 901 593 976 qued
610 912 719 963 sumus
735 903 790 964 aut
804 903 959 981 vigemus,
978 905 1048 966 inde
1063 911 1122 968 est.

338 991 462 1070 Regnat
477 993 613 1072 Spiritus
628 997 682 1058 iiie
698 998 905 1074 sempiternus

338 1105 357 1150 a
372 1084 499 1152 Christo
516 1092 610 1153 simul
625 1095 657 1152 ct
670 1088 805 1154 Parente
819 1094 948 1156 missus.

380 1181 480 1248 Intrat
495 1181 619 1260 pectora
634 1184 783 1248 candidus
798 1188 921 1264 pudiea,

339 1293 418 1355 quae
432 1278 537 1353 tempii
552 1279 622 1340 vice
636 1284 816 1342 consecrata
833 1282 945 1360 rident,

337 1379 501 1452 postquam
516 1375 710 1438 conbiberint
724 1373 824 1438 Deum
839 1378 993 1440 medullis.

400 1466 460 1533 Sci
477 1470 505 1530 si
520 1471 593 1546 quio
608 1471 677 1556 vitii
694 1472 795 1534 dolive
807 1473 894 1535 nasci

336 1569 419 1630 inter
432 1565 554 1627 viscera
569 1567 631 1628 iam
648 1567 749 1629 (licata
770 1569 879 1642 sensit,

339 1675 395 1722 ceu
410 1657 557 1733 spurcum
572 1661 691 1738 refugit
705 1660 788 1723 celer
803 1661 963 1723 sacellum.

379 1753 530 1818 Taetrum
546 1756 659 1834 flagrat
674 1758 756 1819 enim
771 1771 885 1834 vapore
900 1772 1008 1819 crasso

337 1853 449 1915 horror
463 1853 608 1915 conscius
624 1856 787 1914 aestuante
803 1853 893 1928 culpa

338 1947 551 2022 offensumque
566 1946 681 2007 bonum
696 1945 786 2020 niger
799 1944 933 2021 repellit.

380 2037 448 2104 Nec
464 2039 549 2101 solus
563 2039 662 2114 putor
676 2039 866 2100 innocensve
881 2043 986 2100 votum

339 2135 485 2212 templum
501 2135 697 2197 constituunt
711 2147 847 2209 perenne
863 2129 990 2196 Christo

338 2233 371 2292 in
386 2231 489 2293 cortis
505 2230 597 2291 medii
613 2229 685 2290 sinu
700 2244 737 2290 ac
751 2243 895 2292 recessu:

381 2325 435 2387 sei
450 2339 490 2386 ne
504 2323 631 2400 crapula
647 2324 768 2386 ferveat
782 2324 953 2385 cavendum
969 2329 1028 2399 est,

340 2435 419 2497 quae
434 2421 539 2483 sedem
555 2419 626 2481 ittet
638 2419 715 2480 cibis
730 2419 879 2481 reicrtam

340 2530 439 2591 usquc
455 2514 493 2576 ai
509 2513 687 2590 congeriem
703 2515 823 2573 coartet
837 2511 935 2573 intus.

380 2608 491 2672 Parcis
505 2610 640 2671 victibus
656 2607 799 2684 expedita
814 2607 922 2690 coria3

338 2707 478 2769 infusum
494 2705 604 2767 meiius
620 2701 721 2766 Deum
735 2706 906 2780 receptant.

199 2915 226 2964 9.
246 2917 303 2964 orie
316 2930 340 2964 o.
448 2915 491 2966 12.
509 2913 798 2978 prodomitor...aetor
810 2929 833 2961 o.
950 2911 990 2961 Ι3.
1012 2911 1094 2961 Omne
1108 2913 1127 2961 Α
1142 2912 1162 2962 ΙΙ
1176 2914 1256 2964 Attin.

131 2982 230 3034 Weitz.
252 2983 368 3034 obstante
386 2990 479 3033 metro.
501 2979 568 3049 [uu.
584 2981 627 3044 ΙΙΙ,
645 2981 686 3031 19.
702 2981 728 3032 S.
745 2980 776 3040 ΙΙ,
793 2979 869 3046 Ι2Ι);
896 2980 1127 3044 noreganorum
1143 2983 1174 3033 W
1190 2983 1258 3046 (ueto

129 3058 182 3102 aut
194 3051 283 3117 supra)
304 3051 378 3102 Gott.
393 3053 432 3102 iu
443 3051 520 3102 Febr.
543 3050 598 3102 Gis.
613 3050 711 3102 Weitz.
732 3049 794 3115 (non
810 3049 839 3113 Β)
853 3047 920 3100 obt.
936 3047 1004 3116 [cir.
1019 3047 1051 3112 V,
1069 3048 1120 3116 ii].

165 3121 210 3171 20.
229 3121 307 3171 Intra
319 3119 355 3171 W
369 3120 468 3188 (supra)
483 3119 557 3171 Gold.
573 3120 648 3184 Prag.
663 3117 721 3168 flat.
737 3119 744 3169 i
759 3119 819 3184 (non
834 3117 888 3168 Gis.
903 3117 925 3182 Ι)
939 3119 1034 3170 Weitz.
1049 3118 1109 3181 (ooo
1123 3119 1164 3184 B).

199 3190 244 3240 21.
264 3189 317 3240 Seu
330 3206 354 3240 o.
495 3189 539 3240 22.
551 3189 674 3254 fragrat
686 3189 748 3238 Boii.
764 3187 795 3238 ΙΙ.
810 3187 870 3238 Ait.
884 3187 984 3250 Lugd.;
1004 3192 1076 3238 enim
1090 3203 1179 3238 curso.
1195 3204 1223 3238 o.

130 3258 173 3310 25.
189 3259 316 3323 caiusque
328 3276 358 3322 ⁰3
387 3261 565 3325 innocensque
578 3261 599 3309 Α
613 3258 688 3322 Prag.
703 3257 711 3306 i
725 3273 739 3306 o
752 3273 770 3307 u
782 3256 840 3307 uti.
857 3255 938 3321 Lugd.
953 3255 1023 3306 stet.
1037 3263 1090 3306 tres
1107 3254 1185 3308 Febr.
1201 3255 1256 3307 Gis.

129 3327 231 3378 Wcitz.
245 3327 321 3378 Cher.
336 3326 419 3378 Poett.
433 3326 527 3378 Amstr.
543 3326 607 3377 Obb.
624 3324 668 3393 [Η.
682 3325 756 3392 64Ι].
918 3326 960 3375 26.
975 3329 1157 3375 constituito.

164 3396 209 3447 32.
225 3411 285 3446 eum
298 3401 441 3462 receptant
452 3396 511 3447 Ait.
525 3395 606 3460 Luget.
826 3421 827 3424 =

182 3576 211 3626 9.
224 3582 348 3642 repertor
361 3573 445 3642 orbat]
454 3572 527 3641 Virg.
538 3575 602 3626 Aen.
613 3573 675 3640 ΧΙΙ,
717 3575 770 3625 tilio
781 3590 829 3624 non
838 3573 954 3637 ambigue
964 3572 1100 3622 indicatur.
1115 3572 1169 3623 Cir.
1179 3571 1223 3638 Vi,
1232 3573 1256 3624 8.

131 3644 181 3694 829
197 3681 205 3695 .
222 3680 228 3694 .
244 3645 401 3696 ,Ιιοηιιήαπι
421 3660 565 3709 rerumque
587 3660 676 3710 repar·
772 3643 811 3694 ΙΙ.
827 3639 931 3708 rident]
942 3642 1065 3708 gaudent
1077 3641 1125 3691 iso.

131 3719 195 3777 tor,
222 3712 325 3765 iuvene.
348 3712 393 3777 IV,
411 3714 462 3764 480
490 3715 542 3765 iiic
559 3729 677 3780 progre—
769 3713 813 3762 22.
829 3709 969 3778 Taetrum]
984 3711 1151 3775 ‚esentcntiae
1169 3710 1260 3762 Misere

130 3783 212 3834 ditur
222 3786 298 3833 ottae
311 3782 431 3848 lucisque
444 3789 581 3848 repertor.
718 3781 837 3832 turbetur
860 3781 1032 3843 conscientia,
1053 3791 1131 3846 'quein
1155 3781 1260 3846 flagitiis

183 3851 227 3902 16.
243 3848 388 3918 candidus]
407 3851 459 3902 Aut
475 3851 507 3902 ob
527 3851 675 3913 candorem,
719 3850 861 3900 commissis
871 3850 944 3916 eulpa
955 3849 1055 3915 premit,
1066 3858 1102 3914 et,
1116 3851 1182 3915 qood
1193 3851 1260 3900 mela

129 3919 442 3986 quamanimoiniundit,
461 3928 506 3970 aut
522 3919 677 3985 obspeoiem
719 3925 773 3982 est,
798 3920 889 3969 bonum
914 3917 1018 3983 refugit.
1057 3918 1095 3968 De
1119 3924 1260 3970 aestuante

130 3990 280 4053 columbae,
318 4004 367 4055 que
397 3990 530 4055 apparuit,
570 3991 676 4055 eiusque
719 3988 798 4038 verbo
811 3988 862 4038 vid.
878 3987 908 4037 ΙΙ.
920 3989 980 4051 eet,
994 3987 1035 4038 Ps.
1051 3988 1100 4038 999
1114 3995 1175 4051 cte,
1191 3994 1217 4038 et
1229 3987 1260 4036 tie

129 4059 286 4126 symbolum.
314 4056 375 4109 vio.
396 4056 514 4109 iiuineel.
533 4058 564 4108 ad
578 4057 677 4121 Evang.
719 4060 800 4121 niger
817 4056 944 4108 adiectivo
964 4057 995 4107 Η.
1017 4056 1100 4122 praei.
1122 4057 1171 4120 31,
1191 4056 1218 4106 S.
1239 4056 1257 4114 Ι,

130 4127 225 4178 Metth.
239 4126 276 4191 Χ,
293 4127 339 4189 16,
361 4126 391 4178 Ε.
415 4125 445 4179 ΙΙ.
459 4125 625 4178 Wernsderi.
645 4127 677 4176 de
721 4127 780 4188 532,
795 4125 823 4176 Ι).
839 4125 858 4189 Ι,
872 4126 940 4176 42.“
960 4126 1023 4176 Obt.

132 4197 272 4248 simulacre
281 4195 423 4259 columbae,
434 4195 520 4247 Viteb.
532 4198 607 4246 1773.
617 4193 678 4246 Pro·
773 4195 815 4245 30.
831 4193 992 4262 congeriem]
1013 4194 1165 4260 „epuimnm
1177 4193 1260 4260 repie-

131 4266 274 4316 ceesionem
292 4265 398 4330 spiritns
411 4266 493 4317 sancti
510 4280 525 4316 a
539 4271 611 4332 patre
624 4272 651 4317 et
663 4279 678 4314 a
720 4265 836 4316 tionem“
851 4262 930 4314 Nebr.
1216 4268 1220 4273 “
