3020 4832
263 298 323 360 ild
621 293 697 346 ndu.
712 293 896 347 PRUDENTH
911 293 1015 348 cubil.

261 496 311 547 625
346 484 462 560 quique
477 483 530 544 alii
546 482 700 545 horrificis
716 483 896 558 pendentm
913 484 1048 546 nubibus
1063 485 1154 561 ignes

345 579 513 640 luciferum
530 578 662 640 timuere
678 592 808 639 novum:
827 581 895 638 rota
911 578 1012 639 lurida
1029 579 1105 640 solis
1153 618 1155 624 -

347 676 454 737 haeret
470 675 501 733 et
517 673 671 733 excidium
688 673 786 732 sentit
800 671 862 732 iam
878 673 1002 747 iamque
1018 673 1172 751 futurum,

347 784 443 845 seque
459 770 507 829 die
522 769 622 828 medio
637 768 798 828 velandam
815 769 953 843 tegmine
968 769 1093 845 glauco,

346 864 603 942 splendoremque
619 863 681 938 poli
696 863 869 939 periturum
886 872 976 924 nocte
992 864 1101 925 diurna

261 975 312 1026 636
345 962 420 1023 orbe
436 959 717 1034 repentiniscaput
732 958 909 1019 obnubente
923 959 1072 1020 tenebris.

413 1051 505 1115 Hunc
520 1067 579 1128 ego
596 1065 657 1111 non
674 1052 827 1113 cumulem
842 1052 1051 1127 myrrhaeque
1068 1056 1099 1113 et
1114 1053 1196 1115 turis
1211 1057 1242 1114 et
1257 1054 1325 1116 auri

347 1149 550 1213 muneribus?
567 1149 645 1222 scio,
664 1161 755 1221 quem
770 1147 904 1223 videam,
923 1163 1003 1223 quae
1018 1150 1097 1210 dona
1113 1151 1291 1224 rependam.

347 1243 440 1306 Hune
456 1256 514 1317 ego
531 1256 591 1301 non
608 1253 750 1316 venerer,
769 1241 822 1315 qni
838 1241 924 1300 caelo
939 1242 1028 1302 visus
1044 1242 1193 1317 humique

346 1337 494 1398 inventus
510 1348 567 1395 rex
584 1337 677 1408 atque
692 1330 779 1394 Deus
795 1334 974 1396 moderatur
989 1339 1156 1411 utrumque

262 1448 311 1499 635
345 1439 478 1497 naturae
493 1431 660 1506 specimen,
678 1431 859 1504 tumuloque
875 1431 997 1492 inferna
1012 1431 1190 1507 refringens

346 1546 457 1608 regna,
475 1531 677 1602 resurgentes
693 1540 799 1588 secum
815 1527 901 1587 iubet
916 1527 962 1587 ire
978 1528 1139 1602 sepultos?

348 1625 479 1692 Caelum
494 1624 624 1698 habitet,
642 1623 736 1684 terris
752 1623 933 1699 intervenit,
951 1623 1054 1684 abdita
1070 1625 1187 1700 rumpit

345 1723 496 1786 Tartara:
514 1719 691 1794 venandos,
711 1716 795 1779 lleus
812 1723 870 1792 est,
889 1719 942 1794 qui
959 1723 1044 1780 totus
1061 1720 1175 1795 ubique
1190 1723 1250 1780 est.

345 1815 506 1893 Numquid
522 1829 604 1874 vana
619 1813 704 1874 viros
719 1818 774 1875 aut
789 1829 877 1875 mens
894 1819 949 1875 aut
964 1815 1073 1890 lingua
1089 1815 1223 1876 fefellit?

261 1928 312 1978 646
346 1913 493 1989 numquid
513 1912 651 1973 fortuitis
668 1911 853 1972 frustrantia
870 1912 949 1972 dona
966 1911 1117 1972 dederunt

347 2009 483 2081 casibuS,
502 2011 558 2068 aut
573 2021 666 2066 oaeoo
682 2012 789 2068 votum
807 2008 864 2067 sub
880 2008 997 2067 honore
1016 2007 1180 2069 dicarunt?

411 2097 499 2181 Quae
514 2113 607 2176 porro
624 2114 718 2162 causa
734 2105 788 2162 eut
805 2101 885 2162 ratio
901 2101 1086 2161 submittere
1102 2101 1181 2162 colla

346 2196 526 2272 antepedes
542 2191 676 2272 Mariae,
695 2197 843 2271 puerique
860 2195 1026 2270 crepundia
1042 2197 1143 2272 parvi,

347 2295 376 2356 si
391 2297 512 2354 tantum
531 2291 671 2352 mortalis
687 2295 755 2352 erat
771 2307 828 2351 nec
844 2306 964 2353 summa
981 2295 1121 2366 potestas

261 2401 310 2452 645
346 2389 483 2466 inplebat
498 2391 623 2448 teneros
640 2386 754 2447 divinis
770 2387 894 2448 flatibus
910 2386 1022 2448 artus?

348 2483 408 2549 Sed
425 2486 486 2546 iam
504 2484 580 2544 tolle
595 2497 715 2558 magos,
733 2486 797 2556 tus,
816 2495 940 2557 aurum,
960 2479 1107 2556 myrrhea
1123 2480 1214 2556 donn,

347 2596 427 2657 quae
443 2594 551 2641 verum
568 2580 701 2640 docuere
717 2577 830 2653 Deum,
849 2577 1021 2654 praesepia,
1040 2590 1170 2652 pannos,

346 2675 454 2736 matris
471 2674 632 2734 adoratum
649 2673 802 2748 gremium
819 2673 886 2732 face
902 2673 1014 2734 sideris
1031 2673 1163 2736 ardens:

346 2771 414 2846 ipsa
432 2766 530 2830 Deum
546 2769 649 2829 virtus
666 2768 819 2829 factorum
838 2773 869 2828 et
883 2770 963 2830 mira
979 2770 1157 2845 loquantur.

260 2879 311 2930 656
341 2862 471 2927 Insanos
487 2865 576 2924 video
593 2863 697 2923 subito
712 2865 875 2925 mitescere
889 2869 1012 2940 ventos,

346 2975 416 3023 oum
432 2960 537 3022 iubent
553 2953 718 3019 Christus:
736 2960 826 3019 video
842 2959 995 3021 luctantia
1011 2959 1145 3036 magnis.

347 3055 494 3129 Aequora
509 3053 687 3114 turbinibus
703 3054 871 3129 tranquillo
887 3069 1040 3115 marmore
1054 3054 1139 3114 tendi

345 3151 465 3227 inperio
482 3143 613 3224 Christi,
632 3149 722 3210 video
739 3150 877 3211 calcatus
894 3151 1025 3211 eundem

344 3261 414 3308 cum
431 3245 550 3321 patitur
565 3259 682 3320 gurges
698 3248 821 3320 tergum
839 3245 994 3306 solidante
1009 3245 1140 3321 liquore.

260 3355 309 3405 655
343 3339 414 3418 1666
430 3354 525 3415 66666
540 3339 651 3400 fluidas
666 3339 781 3415 plantis
797 3340 970 3401 nitentibus
986 3340 1086 3401 undas

328 3497 388 3546 625.
411 3496 533 3561 Quinque
546 3493 566 3543 d
581 3494 639 3545 hid.
655 3493 737 3558 Lugd.
895 3493 955 3544 627.
974 3500 1004 3544 et
1015 3510 1063 3543 om.
1080 3509 1110 3557 a3
1129 3494 1215 3542 censii
1227 3490 1287 3540 ald.
1303 3489 1394 3554 Lugii.

231 3573 237 3584 '
259 3567 331 3619 siah.
342 3573 395 3615 tres
410 3566 484 3614 6666.
503 3563 585 3613 Poett.
716 3563 775 3613 626.
796 3561 865 3612 diem
878 3565 898 3612 Α
913 3564 948 3626 E,
968 3565 1032 3628 qnod
1047 3563 1152 3613 Heinsio
1164 3575 1253 3611 verum
1267 3560 1395 3624 videtur-3

259 3635 399 3686 volandum
418 3636 438 3682 Α
455 3632 473 3681 h
495 3632 548 3683 rut.
563 3631 660 3682 Weiss.
683 3631 740 3682 nid.
762 3631 843 3694 Lupo.
864 3631 998 3682 slohtres
1016 3632 1092 3682 Chor.
1117 3631 1197 3680 Poett.
1216 3628 1304 3678 ilcins.
1320 3627 1394 3680 call.

260 3704 338 3764 dish,
358 3701 499 3752 velandum
515 3700 596 3751 nostri
610 3716 695 3750 omnes
708 3716 764 3750 oum
780 3707 841 3750 cett.
1000 3702 1060 3751 629.
1079 3705 1203 3764 perituro
1216 3699 1238 3746 Α
1252 3698 1280 3746 Ρ.

317 3772 376 3822 631,
398 3785 462 3834 ergo
478 3770 531 3820 lm.
656 3771 715 3820 634.
733 3771 882 3820 Collocutus
896 3769 926 3830 b,
949 3770 1104 3820 Conventus
1117 3783 1194 3832 suges
1206 3766 1220 3815 1
1231 3773 1257 3814 in
1271 3766 1332 3815 1161.
1348 3783 1371 3816 m
1388 3788 1398 3830 ς

259 3845 406 3906 utramque
420 3840 495 3902 Prag.
599 3838 659 3889 636.
683 3843 796 3904 speeiem
816 3838 889 3902 Prag.
914 3839 954 3889 iso
977 3839 1035 3889 ald.
1053 3839 1134 3900 tuga.
1155 3837 1288 3886 slohtres
1307 3835 1398 3888 Cher.

205 3937 207 3943 ·
259 3905 578 3973 Poett.‚regitnonFehr.
685 3909 745 3958 646.
758 3908 990 3973 [66161166Ιως
1011 3909 1145 3958 domolo.
1241 3905 1401 3956 61266116

262 3979 317 4029 im.
422 3979 482 4028 643.
499 3976 644 4041 crepundia
660 3977 710 4027 lh.
825 3977 884 4026 644.
899 3977 1097 4027 mortalesia.
1203 3975 1262 4024 615.
1289 3974 1403 4038 Implo-

260 4048 395 4098 bantim.
492 4046 551 4095 649.
565 4045 824 4110 sucturumAEP.
920 4048 981 4097 656.
999 4041 1404 4098 mutescereGis.iAmsir.et

259 4133 315 4167 enm
329 4117 388 4166 aliis
401 4116 470 4180 vulg.
486 4114 568 4176 uell.;
587 4120 694 4164 uerutum
707 4117 738 4165 h.
857 4114 916 4165 651.
936 4116 1070 4166 iaetantia
1081 4116 1112 4165 h.
1236 4112 1297 4162 652.
1311 4127 1403 4162 mur-

259 4201 332 4236 more
345 4202 372 4237 α.
480 4184 539 4233 666.
553 4182 653 4249 flacitae
667 4186 703 4246 A,
715 4184 841 4251 flouidas
855 4199 880 4234 n.

311 4331 370 4381 656.
390 4329 480 4382 matth.
491 4331 517 4390 8,
529 4328 578 4392 26,
599 4329 629 4380 de
641 4342 696 4394 sqq.
711 4327 760 4378 616.
777 4328 813 4394 16,
827 4330 852 4393 6,
868 4331 909 4382 ts.
