3016 4832
620 305 698 358 luit.
712 303 896 358 PRUDENTH
909 304 1013 358 ctull.

425 506 480 570 pro
497 493 673 554 contumaci
687 493 775 568 plene
790 507 918 556 causam
932 492 1047 556 (licere.

424 582 454 647 lt
473 601 534 647 ncn
550 587 702 648 resistens
717 601 814 662 seque
828 588 941 650 vinciri
955 589 1034 664 petit

428 679 525 740 liexas
540 682 571 740 et
586 680 670 741 ultro
686 683 811 755 torquet
824 681 857 742 in
871 684 996 757 tergum
1011 695 1134 744 manus.

510 773 609 836 Amor
623 788 757 836 coronae
771 790 868 851 paene
882 777 1044 854 praevenit
1059 781 1178 842 trucem

425 867 545 930 lictoris
559 871 658 930 artem
673 874 784 947 sponte
798 871 898 932 nutias
913 871 1048 934 oticrens

426 967 530 1025 costas
546 965 674 1026 bisulcis
690 967 864 1028 execantas
880 968 1026 1044 ungulis:

425 1061 576 1136 inrumpit
590 1061 688 1123 altum
703 1062 798 1125 limen
813 1067 845 1124 et
859 1065 1064 1139 praeconinus

428 1159 556 1232 stupore
571 1155 666 1218 mutis
681 1157 750 1232 ipse
764 1161 915 1220 tortorem
931 1159 1038 1221 trahit.

510 1248 660 1312 tristanti
675 1253 714 1313 olr
729 1267 786 1314 cra
800 1255 847 1314 sic
862 1259 1019 1332 tyrannus
1033 1253 1159 1331 incipit=

429 1339 575 1421 „lniamc
590 1350 777 1424 monstrum,
796 1347 882 1424 vilis,
899 1349 1099 1426 intestabilis,

429 1444 493 1518 „tu
506 1442 675 1504 ventilator
689 1444 778 1506 urbis
792 1449 825 1506 et
840 1445 928 1522 vulgi
943 1446 1023 1507 levis

431 1537 607 1614 „procella
624 1543 744 1602 mentes
759 1540 915 1617 inquietas
930 1539 1072 1617 molriles,

433 1647 500 1708 „ne
516 1646 550 1692 se
565 1632 698 1707 inperita
714 1635 807 1697 turlra
822 1635 914 1696 uenat
930 1635 1069 1712 legibus:

512 1728 687 1802 „populare
702 1729 847 1804 quitiam
862 1731 921 1791 sut
936 1730 1039 1792 colore
1053 1728 1173 1806 gloriae

429 1821 628 1899 „inlitterata
644 1825 777 1887 credidit
792 1827 980 1905 nequentta,

431 1922 495 1996 „ut
509 1933 543 1980 se
558 1933 613 1994 per
627 1933 739 1983 aevum
754 1924 982 1986 consecrandos
997 1925 1170 1996 autument,

431 2011 487 2090 „si
502 2011 583 2072 bella
598 2011 691 2089 clivis,
708 2027 767 2074 ceu
781 2015 941 2090 gigantes,
959 2015 1095 2076 inierant

437 2108 602 2185 „victique
616 2107 748 2170 flammis
763 2111 938 2172 obruantur
952 2111 1112 2172 montium.

517 2201 613 2280 „Hoc
627 2207 664 2266 tu
677 2206 808 2282 parasti,
824 2207 956 2282 percite,
973 2205 1187 2282 spectaculum

431 2299 556 2376 „cladis
572 2303 721 2362 cruentae
737 2300 774 2362 tle
788 2302 937 2366 necanuis
951 2301 1085 2377 civibus,

432 2409 538 2474 „quos
554 2400 589 2457 ut
603 2397 762 2472 profanos,
780 2399 891 2476 inpiati
906 2402 938 2460 et
952 2398 1052 2460 seculi

432 2506 541 2570 „reos‚
560 2506 689 2554 necesse
704 2496 754 2556 est
767 2497 800 2554 te
814 2495 966 2570 magistro
981 2492 1132 2556 interfici:

436 2591 497 2665 „tu
513 2602 610 2649 causa
624 2589 749 2666 mortis,
766 2591 802 2650 tu
817 2588 969 2650 malornm
983 2585 1128 2664 signiter.

518 2681 588 2762 „Nl
600 2683 703 2759 latior,
717 2698 851 2760 aequum
864 2687 924 2761 est,
939 2687 976 2746 nt
986 2683 1068 2759 quot
1080 2684 1191 2744 auctor
1202 2682 1354 2759 inprobus

433 2777 597 2856 „tolerare
612 2779 728 2842 multos
743 2780 911 2856 conpulisti
925 2783 961 2841 ut
975 2779 1129 2856 carnifex,

347 2914 389 2965 69.
409 2915 491 2965 EtA.
613 2917 656 2967 71.
672 2933 758 2982 poene
771 2918 802 2966 sd
817 2931 886 2967 oram
905 2916 953 2968 ai.-
967 2932 1055 2984 prope
1067 2934 1100 2982 c,
1122 2931 1195 2984 pono
1214 2929 1303 2978 margo
1316 2917 1394 2966 trina

268 2983 338 3034 stet.
426 2984 468 3033 72.
488 2981 593 3033 orcefl.
678 2985 719 3036 73.
740 2987 898 3038 exorandas
910 2984 981 3036 Lott.
996 2983 1051 3036 Gis.
1147 2985 1190 3034 74.
1210 2984 1359 3052 irruptio.

303 3051 345 3103 78,
369 3050 541 3102 Tuentt'iator
554 3052 576 3102 lt
589 3051 620 3102 11.
727 3055 770 3104 79.
789 3056 897 3106 mobilis
912 3055 965 3118 ia,
984 3053 1096 3105 mobiles
1109 3053 1188 3104 Lsur.
1202 3053 1267 3102 ica
1277 3054 1397 3120 bmpqu

268 3128 295 3172 et
308 3121 382 3184 ett.;
406 3122 432 3170 in
453 3121 580 3172 nonnullis
600 3123 670 3186 vulg.
693 3138 733 3190 sp.
749 3124 827 3174 Arev.
848 3127 1053 3191 postinquieias
1072 3137 1204 3190 perperam
1217 3131 1344 3173 commate
1357 3122 1397 3171 di·

267 3191 415 3256 stinguitur,
429 3197 517 3256 ntpote
531 3190 597 3258 quud
610 3192 714 3242 verbum
728 3191 825 3244 linitum
839 3195 884 3256 sit,
898 3208 946 3243 non
960 3193 1055 3244 adieci.
1176 3192 1218 3242 83.
1244 3195 1398 3242 autumant

268 3260 343 3310 Α2α
356 3260 413 3310 sit.
428 3259 530 3323 Lugii„
550 3265 679 3312 summat
689 3259 758 3313 Veli.
862 3262 904 3312 86.
925 3262 1058 3328 operette
1070 3259 1147 3326 Prag.
1254 3261 1298 3310 87.
1316 3261 1398 3312 Clau-

267 3329 311 3379 dis
325 3334 354 3380 Α.
461 3327 503 3378 88.
526 3334 554 3378 et
564 3335 618 3380 tres
631 3331 788 3380 vetustiores
801 3331 841 3395 (ut
854 3331 969 3394 videtur)
983 3329 1083 3380 Heinss.
1101 3329 1180 3380 Lanu.
1194 3325 1265 3380 Vall.
1281 3347 1300 3379 α
1313 3329 1328 3378 b
1342 3345 1367 3379 ιιι
1380 3344 1397 3379 ιι

268 3398 325 3448 Atti.
348 3396 428 3461 Lupi.
450 3395 583 3448 Sich.tres
603 3397 679 3448 Febr.
695 3397 750 3449 Gis.
766 3399 863 3450 waitz.
882 3399 978 3452 Amstr.
995 3399 1083 3450 Heius.
1099 3398 1164 3450 cett.
1179 3399 1276 3462 Areu,
1304 3414 1355 3448 orn.
1371 3403 1398 3447 sl

268 3470 288 3517 Α
304 3466 324 3516 Ε
338 3465 356 3518 Ρ
369 3466 389 3516 R
402 3474 523 3534 quattuor
535 3482 595 3517 mss.
613 3467 710 3518 lleinsii
723 3483 738 3518 ιι
751 3484 765 3534 p
778 3484 793 3534 q
805 3469 883 3518 Chor.
899 3469 982 3520 Poett.
996 3468 1061 3518 ubl.
1171 3468 1215 3518 92.
1235 3473 1267 3518 ut
1280 3468 1301 3518 lt
1315 3467 1396 3518 Lsur.

270 3533 326 3585 liat.
341 3535 409 3587 Vall.
431 3538 473 3587 lc
486 3550 501 3585 a
515 3535 530 3584 h
542 3550 565 3585 m
585 3537 653 3600 (com
666 3537 702 3599 gi.
717 3540 747 3587 .i.
762 3538 821 3603 ceu)
839 3554 884 3606 qn
895 3537 953 3588 Ali.
975 3536 1055 3601 Lngd.
1072 3535 1140 3588 Lott.
1161 3534 1296 3587 Sisines
1317 3536 1395 3586 Febr.

269 3603 324 3654 Gis.
339 3604 436 3655 Weitz.
451 3604 527 3654 Cher.
543 3603 624 3656 Poett.
640 3607 734 3656 Amstr.
749 3605 815 3657 Obb.
824 3645 833 3671 ,
853 3607 894 3674 qui
907 3621 995 3674 parum
1008 3614 1078 3657 recte
1092 3605 1173 3656 refert
1184 3605 1217 3655 ati
1232 3605 1262 3658 G.
1278 3605 1338 3672 vll,
1352 3605 1397 3664 20,

269 3687 318 3724 om.
332 3681 363 3724 ut
378 3671 399 3723 R
412 3673 486 3738 Pras.
502 3674 571 3739 iap
585 3673 671 3725 Heius.
687 3673 752 3726 ccli.
767 3676 846 3727 Arev.

321 3801 579 3871 inclinationem]
600 3803 811 3871 ‚,ln‹licisprse-
852 3808 930 3856 mitti
951 3805 1096 3868 nolebant,
1129 3803 1299 3854 intestabiles
1323 3803 1399 3860 dtu..

270 3875 363 3924 terium
387 3872 564 3935 ingrediturf‘
593 3874 676 3926 Ναὸν.
712 3872 811 3940 Templi
852 3875 958 3924 scilicet
975 3874 1163 3937 detestabiles,
1181 3887 1299 3937 quartem
1319 3875 1402 3922 iesti-

269 3940 483 4006 magnificentiam
518 3942 635 3994 denotari
670 3958 687 3994 ιι
715 3943 811 3994 liminis
852 3946 974 3993 monium
993 3944 1096 3994 mulum
1115 3948 1142 3992 et
1159 3942 1343 3992 execrandum
1359 3957 1402 3991 es·

268 4012 443 4074 sublimitate,
464 4025 551 4075 parum
570 4012 681 4063 feliciter
698 4013 812 4078 explieat
853 4018 903 4062 set.
924 4011 954 4061 11.
967 4011 1134 4063 Unteritolzn.
1149 4017 1176 4062 et
1188 4009 1280 4060 Heind.
1294 4009 1400 4074 Digest.

271 4083 347 4134 liubr.
355 4118 364 4144 ,
388 4081 438 4131 nisi
458 4079 524 4131 iorte
543 4081 663 4146 templum
680 4081 749 4148 capit
764 4096 809 4147 pro
852 4079 976 4144 xxvtll,
992 4081 1016 4145 1,
1030 4083 1063 4132 88
1071 4120 1080 4145 ‚
1103 4079 1169 4130 Geli.
1184 4077 1216 4130 N.
1231 4077 1262 4128 A.
1276 4078 1338 4142 XV,
1355 4079 1401 4136 13.

271 4151 390 4214 basilice,
402 4150 446 4199 ubi
460 4149 554 4199 indicis
567 4149 671 4201 fiebant.
852 4147 915 4202 Tne.
934 4149 1027 4201 Annsl.
1046 4149 1105 4214 XV,
1119 4152 1162 4212 55,
1180 4150 1211 4198 52
1233 4153 1347 4198 incusat
1359 4153 1402 4196 in·

323 4221 366 4268 77.
396 4215 577 4283 intestabilis]
608 4217 718 4280 notem
741 4219 807 4270 Obb.
852 4220 1004 4270 sectatam
1018 4225 1047 4270 et
1058 4219 1288 4281 consceleratum,
1308 4213 1401 4268 Kritz.

271 4287 395 4354 Porphyr.
408 4287 441 4337 ad
454 4286 514 4336 lior.
526 4287 582 4336 Sat.
595 4286 627 4350 11,
639 4287 665 4352 3,
677 4289 739 4338 181:
753 4289 809 4340 An·
852 4288 884 4338 asi
897 4289 952 4339 Sal.
961 4288 1016 4352 lug.
1027 4287 1133 4351 txvll,
1141 4291 1167 4351 3,
1181 4285 1255 4338 torn.
1271 4285 1399 4338 sinisti.

273 4360 344 4422 tiqui
360 4371 418 4418 eos,
442 4371 509 4420 quos
526 4360 553 4406 in
573 4360 758 4407 testemonium
770 4358 810 4408 ‹tt-
852 4356 1015 4409 Prirutreeltt
1026 4373 1052 4423 p.
1068 4357 1125 4408 109.
