3020 4832
562 321 826 376 diminuturum.

217 513 340 575 noverit
354 514 518 589 insertum,
537 525 631 587 seque
647 525 684 572 ac
700 525 757 574 sua
773 509 894 570 moenia
911 508 993 569 vallo

215 608 398 684 praecingat
412 605 527 681 triplici
543 605 627 666 celsa
643 609 730 667 stans
747 605 870 666 eminus
885 617 968 680 arce,

217 705 318 767 uetus
334 717 439 766 amore
454 699 561 778 petrae
577 700 673 762 castis
689 705 722 762 et
736 701 871 778 pervigil
890 700 1004 763 armls=
1075 731 1078 738 .
1162 707 1257 760 ’005

108 841 110 846 -
218 813 281 861 000
297 798 384 860 illum
401 795 511 872 regina
527 791 625 870 Tyri.
637 808 698 855 non
715 795 820 856 accola
837 794 942 870 magni

216 886 386 967 Euphratis
401 884 537 950 Parthus
553 886 663 962 rapiet,
682 902 743 956 non
761 888 886 950 decolor
900 883 1007 965 indus,

216 990 358 1061 tempora
371 983 516 1061 pennatis
533 981 695 1044 redimitus
711 983 802 1059 nigra
817 983 955 1060 sagittis.

185 1133 188 1138 .
217 1075 302 1160 Quin
317 1078 345 1140 sl
361 1077 528 1139 iulmiueos
544 1088 660 1151 cogens
676 1075 714 1136 ad
731 1075 811 1137 bella
825 1075 971 1152 gigantas
997 1081 999 1088 ’

216 1173 393 1251 allophylus
409 1176 464 1259 tua
479 1174 583 1234 castra
598 1172 675 1234 velit
690 1172 792 1234 delere
806 1176 976 1250 tyrannus,
1017 1237 1020 1243 ,
1053 1185 1056 1194 ·
1079 1170 1081 1176 ’
1208 1185 1258 1242 Ι500

215 1272 304 1331 tulus
319 1267 394 1343 eris,
412 1281 469 1328 neo
484 1269 516 1327 te
530 1266 618 1327 drma
635 1266 771 1326 statione
787 1266 922 1326 movebit

109 1385 112 1390 ·
216 1365 284 1440 ipse
300 1359 432 1424 000000
445 1362 562 1438 mundi,
580 1375 695 1423 numen
710 1358 896 1436 Marcionis,
915 1361 981 1436 lpse

217 1462 270 1538 qui
285 1461 368 1538 regit
382 1459 468 1521 aerio
483 1473 581 1520 vanas
598 1459 656 1520 sub
672 1458 738 1520 sole
754 1459 910 1520 tenebras.
952 1475 953 1480 ¹

215 1554 298 1620 Nam
313 1568 440 1629 vanum,
458 1553 606 1629 quidquid
623 1553 670 1616 sol
686 1553 829 1630 adspicit,
848 1569 888 1614 ex
904 1551 1067 1613 elementis
1188 1603 1190 1608 .

217 1654 330 1712 cuncta
345 1648 530 1710 solubilibus
547 1649 693 1724 lluxoque
708 1649 864 1711 creamine
879 1649 1038 1709 onustant.
1120 1707 1123 1714 ,
1208 1660 1258 1710 505

281 1740 381 1818 Fallo,
399 1746 576 1827 creaturam
593 1741 653 1804 nisi
666 1731 779 1804 ¹doctor
794 1729 955 1819 apostolus
972 1756 1092 1804 omnem

216 1837 387 1900 subiectam
403 1836 494 1898 vanis
509 1850 571 1897 non
588 1839 698 1912 sponte
713 1835 871 1898 laboribus
887 1849 992 1912 orsus,

217 1933 342 2010 periuro
357 1932 512 2008 ingemuit
529 1931 682 1996 miserans
699 1932 819 1993 servire
830 1931 966 1996 ,latroniz

217 2031 313 2102 errat,
331 2026 387 2100 alt,
405 2025 458 2102 qui
474 2025 629 2087 luctamen
646 2040 715 2086 cum
733 2025 887 2102 sanguine
900 2014 991 2086 nobis

216 2121 509 2184 etearueetvenis
525 2121 720 2197 ferventibus
736 2123 896 2183 elvitloso
1208 2136 1258 2184 500

218 2217 292 2280 delle
307 2221 409 2295 putat,
427 2217 597 2294 calidisque
613 2217 748 2278 animam
764 2232 893 2293 peceare
909 2216 1069 2280 medullis!

216 2308 290 2372 Non
307 2315 440 2373 mentem
456 2312 667 2372 sua-membra
682 2315 838 2388 premunt,
858 2327 915 2372 nee
931 2316 1035 2374 terrea
1049 2313 1152 2375 virius

217 2410 377 2483 oppugnat
392 2419 505 2468 sensus
520 2405 655 2480 liquidos
671 2405 792 2467 bellove
807 2406 953 2480 lacessit:

217 2502 273 2564 sed
289 2515 360 2564 curn
377 2503 538 2578 spiritibus
555 2502 729 2564 tenebrosis
745 2505 836 2562 nocte
852 2502 962 2577 dlepue

217 2597 450 2674 congredimur,
468 2610 600 2672 quorum
616 2596 825 2658 dominatibus
841 2596 985 2658 humidus
1000 2596 1063 2658 iste
1209 2610 1259 2658 505

218 2698 249 2754 01
264 2695 364 2771 pigris
380 2696 496 2757 densus
511 2695 633 2757 nebulis
648 2697 842 2770 obtemperat
860 2707 925 2754 aer.

219 2784 349 2850 Scilicet
363 2787 421 2850 000
436 2789 581 2864 medium,
600 2787 719 2849 caelum
734 2788 818 2849 inter
832 2790 865 2848 et
878 2787 985 2848 inllma
1000 2788 1103 2850 terrae
1214 2827 1217 2834 »

219 2886 302 2960 quod
317 2888 414 2961 patet,
432 2889 464 2946 et
479 2899 578 2947 vacuo
594 2886 698 2958 nubes,
709 2885 871 2962 suspendit
886 2884 984 2961 biatu,
1078 2875 1088 2896 '

218 2980 308 3042 irena
323 2983 512 3055 potestatum
528 2979 687 3040 variarum
704 2980 851 3054 sustinet,
869 2991 906 3038 ao
922 2978 980 3038 sub
1003 3001 1007 3009 ’

218 3073 359 3148 principe
374 3069 463 3134 Bella
478 3072 653 3133 rectoribus
669 3071 776 3133 horret
789 3071 917 3147 iniquis.
1061 3074 1062 3078 ’

220 3165 280 3228 1115
295 3166 510 3228 conluctamur
525 3160 744 3241 praedonibus,
763 3168 798 3226 ut
814 3178 904 3225 saera
919 3163 1009 3224 nobis

220 3264 285 3326 oris
300 3262 464 3339 apostolici
481 3261 573 3323 testis
587 3259 744 3322 sententia
759 3260 873 3336 prodit.

201 3401 262 3451 itti.
282 3401 440 3466 praecingit
452 3405 497 3448 aut
508 3399 671 3463 Praecingei
683 3395 759 3460 liat,
777 3397 934 3461 Praecdngil
949 3393 1027 3445 Faba.
1041 3392 1097 3444 015.
1114 3395 1207 3446 Weiiz.

167 3471 228 3521 407.
243 3470 383 3534 Ense-atita
395 3467 565 3536 0010100500.
671 3467 732 3518 498.
754 3465 883 3532 Tempore
898 3466 954 3515 lm.
1058 3463 1118 3514 199.
1132 3467 1267 3530 gigantea.

128 3541 193 3595 nid.
208 3537 289 3604 bugd.
306 3536 527 3589 sisinninm.
543 3535 597 3587 Gis.
613 3534 689 3586 0000.
705 3534 787 3585 Pcelt.
801 3533 898 3584 Amslr.
1004 3532 1062 3582 502.
1083 3537 1111 3582 et
1124 3535 1180 3601 ipsa
1192 3532 1224 3582 Α.
1301 3561 1303 3566 ,

204 3610 264 3659 503.
284 3611 375 3658 varias
389 3606 464 3672 Prag.
570 3607 630 3660 504.
650 3604 707 3654 Iam
721 3619 752 3667 a3
771 3619 869 3654 oenum
883 3606 924 3652 esi
936 3600 1011 3664 Prag.
1111 3603 1171 3654 505.
1186 3603 1259 3652 0010-

131 3679 236 3730 000000
253 3676 307 3728 ΑΡ
326 3673 393 3727 till
519 3675 579 3726 518.
599 3690 632 3724 00
645 3672 722 3723 Laur.
738 3689 756 3721 α
775 3671 907 3722 slohtres
920 3669 996 3720 Febr.
1012 3668 1065 3721 Gis.
1083 3669 1159 3722 0000.
1175 3671 1259 3722 Poett.

131 3750 231 3805 005510,
247 3745 312 3798 0011.
435 3746 495 3797 520.
515 3743 593 3795 natae
605 3742 680 3806 Prag.
701 3741 758 3791 liat.
775 3740 816 3790 ln
828 3755 851 3790 m
864 3739 961 3791 Weita.
983 3739 1073 3790 110105.
1094 3739 1159 3792 0011.
1180 3740 1257 3792 Ares.

132 3816 201 3867 ubl.
217 3814 265 3884 [—
276 3843 311 3852 -
322 3826 348 3856 υ
361 3813 401 3865 Ρ5.
417 3815 488 3881 iid]‚
506 3814 592 3864 Ballio
607 3811 640 3861 E.
661 3811 727 3860 ditia
740 3809 779 3873 d,
794 3807 896 3861 050500
908 3826 924 3860 u
938 3807 1019 3877 [inira
1032 3807 1105 3877 610],
1119 3810 1209 3861 Belial
1219 3811 1234 3860 2
1243 3828 1260 3860 0

132 3902 148 3937 ι
164 3885 222 3935 ald.
238 3884 319 3948 Lugd.
334 3883 468 3934 51000000
482 3881 558 3933 Febr.
573 3879 628 3932 Gis.
644 3877 719 3930 0000.
735 3879 816 3930 Posti.
832 3883 927 3930 dmstr.

186 4005 247 4055 dud.
267 4002 376 4071 regina]
395 4005 467 4054 0050
492 4000 675 4065 (11111111ος.
722 3999 815 4051 Erech.
842 3999 884 4050 28.
917 3998 1021 4050 Rectius
1050 3997 1145 4068 Tyrum
1173 3999 1262 4050 500000

135 4072 223 4138 10,11.
247 4072 333 4124 Parni.
353 4073 381 4138 9)
402 4071 516 4138 explicat
539 4085 594 4120 cnm
619 4070 678 4120 aliis
722 4069 834 4135 reginam
847 4068 981 4132 intelligis.

133 4143 219 4206 obla,
244 4141 354 4192 Arsvalo
382 4141 466 4191 100100
491 4141 577 4207 inepte
601 4140 678 4190 siculi

134 4211 217 4262 nido.
242 4209 336 4280 Tyrios
354 4211 422 4260 enim
440 4225 456 4260 a
473 4209 550 4260 Prud.
566 4209 678 4272 intelligi
771 4207 831 4257 501.
850 4204 1019 4274 cliopbpius]
1038 4204 1178 4256 diabolus:
1198 4206 1260 4268 plia·-

132 4281 176 4332 vel
186 4281 322 4331 avaritiam
332 4280 373 4330 vel
386 4279 542 4346 superbiam,
556 4293 620 4344 quae
633 4294 678 4344 per
720 4272 1260 4340 1000000000010001000501100001-
1359 4311 1361 4316 .

130 4348 233 4420 Tyrum
257 4349 395 4414 allegorice
421 4349 589 4413 significetur.
616 4347 676 4397 Vid.
716 4344 889 4412 gencedeo.
905 4343 956 4395 150.
971 4343 1025 4394 Cir.
1040 4341 1074 4394 1).
1088 4340 1131 4392 ’11.
