3018 4826
511 325 790 380 rddtsuiiriindou
807 327 850 380 vi.

292 514 418 591 „tardis
432 515 596 590 gremibm
610 515 739 577 inruant
753 515 784 575 in
800 515 915 592 ignem.

348 602 442 684 „Cur
457 607 592 670 lamenta
608 607 714 684 rigant
727 621 827 684 genas
842 609 1014 687 madentes,

291 713 375 778 „cur
389 701 488 762 vestri
503 715 623 762 memor
637 704 673 764 ut
687 703 770 778 iiam,
788 702 928 778 rogatis?

292 793 441 872 „cunctis
456 806 512 869 pro
526 793 648 870 populis
664 795 781 870 rogabo
797 789 1000 857 Christum.“

348 885 411 951 Vix
427 889 504 950 baec
520 889 669 966 ediderat,
687 890 810 950 relaxat
823 890 890 966 ipse

289 984 471 1046 indumenta
486 985 609 1061 pedum,
627 984 714 1047 velut
727 981 860 1061 Moyses

288 1081 441 1156 quondam
457 1081 575 1142 iecerat
590 1081 628 1141 ad
644 1082 755 1144 rubum
772 1081 994 1158 propinquans.

344 1169 418 1236 Nou
434 1173 554 1234 calcare
569 1188 690 1236 sacram
707 1175 926 1238 cremationem

288 1271 342 1330 aut
357 1269 482 1331 adstare
497 1266 563 1330 lieo
578 1270 665 1346 prius
680 1270 805 1348 licebat,

288 1377 380 1438 11111111
395 1363 530 1440 vestigia
545 1377 622 1441 pura
638 1365 821 1442 figerentur.

340 1451 455 1518 Stabat
469 1457 556 1518 ealce
571 1472 674 1520 mera:
692 1457 827 1520 resultat
843 1466 924 1521 ecee‘

288 1553 374 1614 caelo
389 1553 518 1629 spiritus
534 1558 566 1615 ct
582 1554 660 1617 serit
674 1554 839 1630 loquelam,

283 1662 361 1724 quae
375 1652 506 1710 cunctos
521 1650 697 1712 tremefecit
710 1649 890 1712 audientes:

347 1737 447 1819 „Non
463 1746 523 1818 est,
541 1744 670 1819 credite,
687 1757 797 1821 paena,
816 1759 908 1820 quam
923 1743 1047 1819 videtis

289 1851 395 1913 „quae
409 1841 524 1913 puncto
540 1836 626 1898 tenui
642 1837 736 1898 citata
752 1838 882 1900 bansits

290 1948 373 2011 „nee
388 1933 485 1994 vitam
500 1933 582 2010 rapit
596 1932 663 2008 illa,
681 1933 734 1994 sed
750 1934 910 1996 reformat.

348 2021 495 2102 „Felices
511 2026 644 2100 animae,
664 2027 776 2103 quibus
792 2029 965 2104 perignem

289 2119 401 2196 „celsa
416 2121 567 2182 scandere
583 2121 715 2196 contigit
729 2122 880 2198 tonantis,

288 2229 393 2291 „quas
409 2215 483 2277 olim
498 2216 601 2292 lugiet
615 2216 762 2291 perennis
777 2217 903 2292 ignis.“

348 2306 434 2372 llaec
449 2310 533 2372 inter
547 2311 664 2386 rapidis
681 2311 769 2372 iocos
784 2316 948 2387 crepantes

285 2406 404 2468 intrant
418 2407 562 2483 passibus
576 2411 609 2468 et
624 2407 784 2469 minantur
798 2408 877 2483 ipsis

286 2501 478 2564 flammarum
493 2502 720 2578 trepidantibus
736 2503 879 2564 caminis.

344 2592 457 2658 Nerius
473 2597 616 2673 denique,
634 2598 688 2673 qui
703 2611 815 2658 manus
830 2600 988 2659 retrorsus

285 2690 318 2751 in
333 2694 456 2768 tergum
471 2695 700 2754 revocaverant
713 2693 882 2764 revinctas,

285 2783 402 2846 intacta
418 2788 489 2846 cute
505 2784 651 2847 decidunt
666 2785 781 2848 adusti.

342 2877 414 2940 Non
431 2893 509 2942 ausa
522 2884 571 2941 est
587 2880 731 2942 cobibere
743 2895 841 2957 paena
855 2881 975 2958 palmas

280 2975 314 3037 in
330 2991 448 3039 morem
464 2978 567 3039 erucis
582 2977 621 3038 ad
635 2974 763 3040 Patrem
778 2977 938 3054 levandas,

282 3070 377 3131 solvit
392 3070 528 3147 brachia,
547 3085 627 3148 quae
642 3069 742 3136 Deum
758 3076 937 3147 precentur.

342 3161 524 3226 Priscorum
541 3165 697 3241 specimen
712 3165 807 3228 trium
823 3169 961 3243 putares,

279 3272 357 3335 quos
373 3260 446 3322 oiim
462 3256 689 3337 Babylonicum
705 3275 761 3338 per
777 3262 879 3337 ignem
1188 3275 1236 3326 iio

184 3443 227 3495 83.
247 3444 362 3510 sueram
382 3445 439 3504 111,
465 3445 672 3498 similati.
696 3445 779 3512 Lngd.
800 3443 931 3495 Siob.tres
951 3442 1027 3494 rats.
1052 3444 1128 3495 Cbor.
1151 3445 1235 3500 Poett.

111 3514 209 3562 Amstr.
297 3513 340 3563 81.
361 3514 692 3578 01111111111011111111111.
787 3515 829 3566 81.
850 3515 962 3565 rubrum
975 3511 1007 3562 E.
1106 3515 1237 3568 onmem

111 3580 253 3632 tannia.
270 3580 526 3646 Lugd.Parrh.Gis.
630 3584 673 3634 92.
694 3584 838 3648 loquellam
852 3598 878 3632 α.
984 3582 1189 3636 9111111111.

158 3651 203 3701 95.
221 3657 326 3714 punctu
341 3650 421 3702 11111.
435 3667 468 3702 m.
581 3652 641 3706 100.
658 3652 714 3705 Neo
726 3651 819 3716 Prag.;
839 3656 988 3701 cremantes
1001 3652 1031 3701 od
1045 3667 1114 3704 orem
1128 3655 1165 3704 al.
1182 3670 1238 3705 ere·

107 3724 210 3784 pantes
222 3734 255 3770 m.
353 3721 411 3772 101.
430 3724 484 3788 ipsi
496 3719 572 3770 llabr.
589 3720 645 3773 Gis.
751 3721 809 3772 102.
830 3722 1028 3784 crepitantibus
1041 3722 1060 3771 B
1074 3723 1164 3788 (snpra
1176 3723 1237 3788 alt.)

110 3787 133 3836 ii
147 3786 170 3837 ii
184 3787 198 3835 b
212 3788 270 3854 (pro
283 3789 335 3840 div.
347 3788 421 3855 lect.)
435 3805 449 3856 p
461 3805 476 3854 q
488 3803 575 3854 margo
586 3791 664 3842 trium
677 3789 747 3840 stet.
764 3789 818 3840 Gis.
834 3788 865 3838 ad
879 3803 960 3852 oram,
974 3790 1173 3856 trepidantibus
1189 3794 1237 3856 ia,

110 3857 307 3923 trepitantibus
319 3859 361 3909 aa
374 3858 487 3923 (nutare
500 3858 612 3910 voluisse
625 3859 727 3910 videtur
739 3859 765 3908 in
786 3859 1004 3930 crepitantibus).
1112 3862 1170 3912 103.
1187 3877 1238 3928 par

109 3942 209 3976 manas
222 3941 258 3990 aq
276 3932 426 3978 retrorsum
440 3943 455 3994 p
468 3945 485 3978 u
498 3926 572 3978 Teol.
668 3928 727 3978 104.
746 3928 886 3978 interdum
902 3926 959 3991 111,
979 3931 1117 3996 integram
1130 3945 1236 3980 reuoca·

109 4000 193 4045 uorat
213 4011 250 4058 oq
278 3998 408 4048 revinctis
421 3994 452 4046 R.
551 3997 608 4049 100.
626 4012 698 4064 pena
712 3998 834 4047 cohibere
847 3995 922 4059 Pras.
937 3995 952 4046 b
965 4012 979 4061 q
993 4005 1081 4048 contra
1093 4005 1168 4048 metr.

166 4065 227 4114 107.
247 4067 337 4116 aruris
349 4064 430 4129 Lugii.
446 4067 576 4117 mendose.
702 4066 761 4116 110.
782 4066 855 4130 Quas
867 4080 899 4130 q3
919 4066 1087 4133 babylonium
1101 4065 1189 4116 Perrh.

159 4219 205 4270 86.
217 4219 387 4286 indumenta]
401 4221 587 4273 Calciamenta
598 4223 655 4285 (ii)
702 4223 749 4273 bus
762 4222 859 4274 debent
873 4227 940 4274 omui
950 4227 1102 4290 quicunque
1114 4223 1171 4273 Deo
1188 4239 1237 4290 ap·

108 4303 147 4338 0ae
157 4293 278 4340 mortuis
288 4291 547 4354 animalibusstunt.
562 4289 656 4356 Signi·
697 4295 882 4360 propinquare
891 4294 985 4342 volunt
996 4292 1031 4356 gl.
1042 4307 1071 4354 a,
1084 4290 1166 4342 llxod.
1176 4293 1201 4356 3,
1209 4294 1234 4342 b.

101 4359 201 4422 ficunt
225 4363 317 4410 antem
338 4365 449 4411 mortua
470 4375 569 4425 opera,
595 4363 656 4426 qui·
752 4361 810 4413 109.
831 4361 936 4420 llon.3,
953 4362 992 4411 19.
