3016 4832
501 315 774 371 ruatsraruartoa
793 315 826 368 Χ.

267 521 348 584 „pro
364 505 526 582 principali
541 508 604 568 rite·
616 505 776 568 uobiscum
794 504 867 566 aleos
906 566 909 573 ,

267 615 384 680 „orare
399 601 476 678 vita,
494 601 544 662 vel
559 600 642 677 quoti
655 600 775 660 hostem
791 597 949 673 publicum

267 699 357 776 „pati
372 713 500 760 necesse
516 701 575 774 est,
594 697 681 760 solve
695 709 826 772 paenam
841 694 1012 770 sanguines

270 793 454 871 „sprevisse
469 792 593 869 templa,
612 791 771 866 respuisse
787 795 836 850 est
850 791 1061 866 prinoipem.‘⁴
1170 799 1220 849 aas

352 883 468 963 „Tuae
481 887 548 948 ille:
569 882 764 963 „Nunquam
777 898 832 958 pro
845 883 946 946 salute
958 888 990 944 et
1002 883 1146 946 maximis

269 982 537 1060 „fortissimisque
552 982 699 1058 principis
715 979 896 1042 cohortibus
934 1062 935 1066 Ἰ

268 1079 387 1156 „aliter
401 1080 560 1155 precabor,
579 1091 669 1153 quarn
687 1076 776 1140 fidele
791 1080 827 1137 ut
842 1077 977 1138 militent

268 1171 475 1253 „Christique
489 1173 625 1250 lymphis
640 1177 676 1234 ut
691 1176 897 1234 renascantur
912 1170 1011 1249 Patri,

269 1270 419 1347 „capiant
433 1272 465 1330 et
479 1269 580 1346 ipsum
597 1268 727 1330 caelitus
742 1261 937 1344 paraclitum,
1171 1275 1222 1326 tao
1251 1275 1254 1280 ·

351 1370 413 1444 „at
427 1367 582 1428 itlolorum
596 1368 745 1441 respuant
760 1365 937 1442 caliginem,

269 1466 429 1541 „cernant
439 1466 474 1524 ut
489 1463 564 1526 illut
581 1462 685 1524 lumea
701 1465 847 1524 aeternae
863 1462 940 1538 spei,

268 1573 356 1636 „uon
372 1559 545 1620 suculentis
561 1557 694 1620 influens
710 1557 881 1634 obtutibus,
911 1631 914 1637 ¹

269 1667 353 1730 „uec
368 1652 544 1727 corporales
560 1666 616 1728 per
630 1651 786 1712 fenestras
802 1651 950 1729 emicans,

270 1749 383 1824 „puris
400 1749 453 1823 sei
468 1749 554 1810 intus
569 1749 651 1825 quoti
666 1749 786 1810 relucet
801 1749 968 1810 mentibus.
1171 1759 1221 1810 aee
1282 1737 1285 1746 ’

351 1840 501 1920 „Pupilla
515 1843 620 1905 carnis
635 1856 741 1904 crassa
758 1856 900 1903 crassum
915 1843 1074 1921 perspicit,

270 1940 328 2015 „et
341 1939 535 2016 resculam,
555 1937 635 2013 quod
652 1929 869 2000 resolvendum
886 1937 945 2016 est,
963 1941 1065 2002 videt:

270 2034 422 2111 „liquidis
439 2036 578 2098 videndis
595 2039 685 2111 aptus
701 2037 750 2096 est
765 2034 887 2096 animae
902 2035 1016 2111 liquor,

270 2134 408 2207 „natura
424 2132 549 2193 ferveas
565 2131 630 2192 sola
647 2129 899 2192 ferventissimae
1284 2202 1286 2204 ,

270 2227 470 2304 „alvinitatis
486 2229 550 2289 vim
565 2230 782 2289 coruscantem
797 2225 890 2301 capit.
1030 2215 1032 2220 ’
1173 2236 1222 2285 ato

352 2322 447 2400 „Hoc
462 2327 535 2398 opto
551 2321 655 2384 lumen
670 2321 830 2396 inperator
845 2321 969 2382 noverit

225 2451 228 2458 ·
269 2421 371 2496 „tuus
386 2433 546 2494 measque,
565 2417 591 2478 sl
607 2415 684 2477 velit
698 2417 765 2476 lieri
782 2428 888 2494 meus,
939 2429 941 2478 1

268 2529 366 2591 „nam
382 2515 409 2576 si
425 2516 545 2577 resistit
561 2509 740 2578 Christiano
756 2512 896 2589 nomini,¹

268 2624 383 2686 „meus
398 2610 451 2672 ille
463 2609 536 2671 talis
551 2609 709 2684 inperator
725 2621 787 2669 noa
803 2606 880 2667 erit:

167 2797 227 2848 422.
248 2800 305 2848 rita
318 2796 396 2862 Prag.
507 2799 566 2850 425.
585 2800 739 2864 principum
754 2795 791 2859 E,
810 2796 951 2862 Spreue'ssc
969 2794 1078 2860 templa,
1092 2797 1224 2861 respuisse

95 2869 229 2932 templum
245 2867 287 2928 (ad
302 2881 371 2916 oram
383 2867 547 2934 principem)
560 2883 582 2918 m
597 2866 668 2932 prob.
684 2864 761 2927 Mam,
775 2866 797 2915 si
811 2865 946 2916 admiseris
959 2866 1018 2915 loct.
1033 2879 1114 2928 marg.

149 2935 399 2998 428.fidct'Parrh.
442 2957 445 2962 ·
506 2935 1037 3002 433431.ὴιεαωᾳυεβαιησηοαεὶῖΐιιε
1059 2937 1224 2999 captantes·
1322 2927 1325 2942 ’

94 3021 187 3066 arram,
202 3005 473 3072 lacedaemoaamque
485 3010 615 3072 respuant
635 3007 776 3070 caliginem
790 3003 847 3054 liat.
869 3005 974 3070 priorib.
992 3018 1078 3066 eras.;
1096 3006 1140 3052 aii
1152 3003 1225 3052 dole·
1310 3001 1312 3005 '

93 3090 159 3124 ram
173 3073 233 3123 alt.
249 3072 331 3137 Lagd.
441 3075 502 3125 432.
523 3069 575 3124 et'b
589 3074 646 3124 Ald.
662 3073 743 3136 Lagi.
760 3071 827 3135 Lott⁸
843 3071 920 3124 Febr.
937 3073 991 3123 Gis.
1006 3071 1103 3123 Weitz.
1119 3075 1178 3134 (nou
1193 3069 1223 3133 P)

94 3140 403 3208 Chor.Poett.Amstr.;
424 3144 501 3193 iliam
515 3141 670 3206 atatugt.
761 3143 820 3192 435.
841 3145 999 3192 sensibasa.
1087 3141 1224 3190 4333044-

93 3215 181 3280 spicit
193 3211 262 3261 Lott.
365 3213 425 3262 438.
445 3213 577 3280 Liquetius
591 3212 667 3263 Char.
683 3209 764 3261 Poett.
778 3210 873 3260 Amstr.
979 3209 1039 3260 439.
1061 3209 1149 3258 solam
1161 3224 1187 3256 u.

179 3281 239 3331 440.
260 3288 418 3331 coruscante
430 3298 456 3332 a.
575 3281 636 3331 443.
657 3284 770 3331 resistat
788 3277 843 3353 Oli
861 3277 938 3329 Tlrr.
953 3278 1008 3328 cod.
1024 3277 1118 3327 Canen.
1134 3292 1150 3325 n
1164 3277 1221 3326 Ald.
1305 3287 1307 3289 ·

92 3350 193 3413 bugd„
213 3352 322 3400 resistet
333 3351 439 3414 Amstr.,
458 3353 566 3402 ιἐειίἰιέ
580 3349 611 3401 Η.
691 3386 694 3391 .

150 3520 200 3570 422
214 3535 252 3586 sq.
276 3535 329 3587 pro
352 3519 639 3588 prr'nca'pali...oita]
684 3516 1224 3584 inscriptionibus:Legionesfitlciea.-Cir.

91 3607 143 3657 pro
157 3589 277 3640 Caesaris
290 3589 384 3641 salute.
685 3587 742 3638 Liv.
758 3587 829 3650 XXl,
844 3589 887 3642 44.
902 3585 945 3637 2ι
956 3586 984 3637 V
982 3601 1011 3636 or
1023 3587 1233 3648 soeioafidclic-=

149 3658 210 3708 428.
224 3659 311 3721 fidele
329 3656 502 3723 utmiliteat]
524 3655 581 3721 „Ut
600 3673 640 3708 sa·
683 3661 766 3708 simos
788 3658 1017 3722 fortissimosque
1039 3661 1223 3720 pugnaturos,

91 3727 222 3780 crementi
242 3727 283 3777 lex
306 3728 402 3792 exigit,
428 3727 468 3776 vel
487 3726 587 3792 potins,
613 3734 641 3776 nt
683 3723 1223 3792 xxxvii,ea‚aa,prenomexxvttt,

91 3797 161 3848 fides
195 3796 342 3848 Christiana
379 3796 521 3862 requirit.“
555 3797 637 3847 Febr.
683 3796 757 3859 9,8,
777 3795 919 3852 Herodian,
938 3793 963 3842 ia
978 3792 1107 3844 Commod.
1123 3793 1153 3857 V,
1167 3795 1226 3844 Am·

91 3866 158 3930 (eir.
175 3863 206 3928 li,
220 3867 281 3929 443,
297 3864 325 3929 V,
342 3866 414 3929 334).
441 3865 564 3930 Subscqq.
586 3881 637 3915 vss.
682 3864 759 3914 mian.
775 3861 971 3925 paruitate:
987 3863 1103 3926 trifidas
1116 3866 1226 3913 esseest

93 3936 183 3986 fusius
203 3934 227 3983 id
247 3935 473 4001 cumexprimaat,
499 3934 548 3984 iarn
561 3937 637 3984 Arev.
675 3934 781 3998 sortis,
804 3930 1007 3996 thio.xxv1‚a
1029 3931 1225 3983 Valentinianus

91 4007 125 4055 de
146 4003 194 4054 illa
215 4003 264 4053 lite
284 4005 325 4054 lrie
344 4003 385 4066 agi
405 4003 485 4062 vidit,
508 4004 641 4068 quam-im·
682 4003 778 4051 milites
803 4002 965 4066 adloquitur:
995 4017 1041 4051 vos
1058 4004 1224 4062 firmitatem

92 4080 231 4140 penatores
249 4073 432 4138 praedicabant
450 4073 475 4121 ia
488 4073 586 4122 solenni
600 4087 641 4122 oc·
676 4073 819 4136 saetosam
832 4074 979 4122 retinentes
992 4070 1122 4133 etfldem.

91 4142 213 4205 casinae,
245 4143 395 4206 praesertim
426 4149 485 4191 ante
515 4141 640 4207 praelium
735 4141 794 4190 433.
824 4135 984 4206 saecularitas]
1002 4169 1004 4175 ·
1021 4144 1084 4205 qaia
1115 4139 1226 4187 tremore

91 4211 177 4262 verba
201 4210 326 4262 facientes
346 4211 377 4261 ad
397 4211 494 4261 milites
506 4210 641 4260 cohorten—
683 4213 838 4259 consistant
855 4208 946 4274 interp.
968 4207 1032 4257 Ceti.
1048 4207 1138 4256 note:
1158 4205 1225 4256 Hinc

92 4283 152 4332 alos.
183 4279 273 4330 itidem
292 4280 317 4330 ia
330 4278 437 4330 nummis
450 4279 638 4345 imperatoriis:
681 4293 780 4347 parram
794 4278 865 4328 clari
877 4283 904 4328 et
914 4281 996 4328 acuti.
1012 4275 1089 4325 flecte
1100 4277 1155 4326 iam
1169 4272 1226 4324 isc:

91 4350 330 4414 mecumtecum,
350 4349 431 4401 Fides
443 4353 594 4412 coercitus,
615 4349 639 4398 in
683 4348 812 4399 nebulosi.
