<?xml version="1.0" encoding="UTF-8"?>
<!DOCTYPE html PUBLIC "-//W3C//DTD XHTML 1.0 Transitional//EN"
    "http://www.w3.org/TR/xhtml1/DTD/xhtml1-transitional.dtd">
<html xmlns="http://www.w3.org/1999/xhtml" xml:lang="en" lang="en">
 <head>
  <title>
</title>
<meta http-equiv="Content-Type" content="text/html;charset=utf-8" />
  <meta name='ocr-system' content='tesseract 3.04.00' />
  <meta name='ocr-capabilities' content='ocr_page ocr_carea ocr_par ocr_line ocrx_word'/>
</head>
<body>
  <div class='ocr_page' id='page_1' title='image "./quaeexstantcarm01dresgoog_0106.png"; bbox 0 0 3046 4830; ppageno 0'>
   <div class='ocr_carea' id='block_1_1' title="bbox 521 265 847 323">
    <p class='ocr_par' dir='ltr' id='par_1_1' title="bbox 521 265 847 323">
     <span class='ocr_line' id='line_1_1' title="bbox 521 265 847 323; baseline 0.003 -2"><span class='ocrx_word' id='word_1_1' title='bbox 521 265 790 323; x_wconf 74' lang='lat' dir='ltr'><strong>canaliilltliittou</strong></span> <span class='ocrx_word' id='word_1_2' title='bbox 803 269 847 322; x_wconf 90' lang='lat' dir='ltr'><strong>iv.</strong></span> 
     </span>
    </p>
   </div>
   <div class='ocr_carea' id='block_1_2' title="bbox 336 457 1024 1391">
    <p class='ocr_par' dir='ltr' id='par_1_2' title="bbox 337 457 973 633">
     <span class='ocr_line' id='line_1_2' title="bbox 338 457 973 536; baseline 0.002 -16"><span class='ocrx_word' id='word_1_3' title='bbox 338 471 416 534; x_wconf 89' lang='lat' dir='ltr'><strong>quas</strong></span> <span class='ocrx_word' id='word_1_4' title='bbox 433 458 623 522; x_wconf 78' lang='lat' dir='ltr'><strong>messoribus</strong></span> <span class='ocrx_word' id='word_1_5' title='bbox 638 457 810 520; x_wconf 81' lang='lat' dir='ltr'><strong>Ambacum</strong></span> <span class='ocrx_word' id='word_1_6' title='bbox 825 459 973 536; x_wconf 89' lang='lat' dir='ltr'><strong>propbeta</strong></span> 
     </span>
     <span class='ocr_line' id='line_1_3' title="bbox 337 555 844 633; baseline 0 -17"><span class='ocrx_word' id='word_1_7' title='bbox 337 557 456 633; x_wconf 80' lang='lat' dir='ltr'><strong>agresti</strong></span> <span class='ocrx_word' id='word_1_8' title='bbox 472 558 570 620; x_wconf 88' lang='lat' dir='ltr'><strong>bonus</strong></span> <span class='ocrx_word' id='word_1_9' title='bbox 585 555 751 620; x_wconf 75' lang='lat' dir='ltr'><strong>exhibebat</strong></span> <span class='ocrx_word' id='word_1_10' title='bbox 765 559 844 619; x_wconf 89' lang='lat' dir='ltr'><strong>arte.</strong></span> 
     </span>
    </p>

    <p class='ocr_par' dir='ltr' id='par_1_3' title="bbox 336 647 953 918">
     <span class='ocr_line' id='line_1_4' title="bbox 380 647 912 724; baseline 0.002 -14"><span class='ocrx_word' id='word_1_11' title='bbox 380 647 482 714; x_wconf 89' lang='lat' dir='ltr'><strong>Huius</strong></span> <span class='ocrx_word' id='word_1_12' title='bbox 497 653 636 714; x_wconf 86' lang='lat' dir='ltr'><strong>caesarie</strong></span> <span class='ocrx_word' id='word_1_13' title='bbox 651 663 744 711; x_wconf 93' lang='lat' dir='ltr'><strong>manu</strong></span> <span class='ocrx_word' id='word_1_14' title='bbox 758 648 912 724; x_wconf 88' lang='lat' dir='ltr'><strong>prebensa</strong></span> 
     </span>
     <span class='ocr_line' id='line_1_5' title="bbox 337 744 953 822; baseline 0.002 -18"><span class='ocrx_word' id='word_1_15' title='bbox 337 744 449 820; x_wconf 88' lang='lat' dir='ltr'><strong>plenis,</strong></span> <span class='ocrx_word' id='word_1_16' title='bbox 467 747 551 807; x_wconf 89' lang='lat' dir='ltr'><strong>siout</strong></span> <span class='ocrx_word' id='word_1_17' title='bbox 564 750 643 820; x_wconf 86' lang='lat' dir='ltr'><strong>erat,</strong></span> <span class='ocrx_word' id='word_1_18' title='bbox 660 759 789 822; x_wconf 83' lang='lat' dir='ltr'><strong>gravem</strong></span> <span class='ocrx_word' id='word_1_19' title='bbox 804 745 953 807; x_wconf 79' lang='lat' dir='ltr'><strong>canistris</strong></span> 
     </span>
     <span class='ocr_line' id='line_1_6' title="bbox 336 841 953 918; baseline 0.005 -17"><span class='ocrx_word' id='word_1_20' title='bbox 336 854 521 915; x_wconf 89' lang='lat' dir='ltr'><strong>suspensum</strong></span> <span class='ocrx_word' id='word_1_21' title='bbox 537 843 618 918; x_wconf 89' lang='lat' dir='ltr'><strong>rapit</strong></span> <span class='ocrx_word' id='word_1_22' title='bbox 633 845 665 903; x_wconf 87' lang='lat' dir='ltr'><strong>ct</strong></span> <span class='ocrx_word' id='word_1_23' title='bbox 679 841 764 903; x_wconf 88' lang='lat' dir='ltr'><strong>vebit</strong></span> <span class='ocrx_word' id='word_1_24' title='bbox 777 855 833 917; x_wconf 90' lang='lat' dir='ltr'><strong>per</strong></span> <span class='ocrx_word' id='word_1_25' title='bbox 847 855 953 904; x_wconf 89' lang='lat' dir='ltr'><strong>auras.</strong></span> 
     </span>
    </p>

    <p class='ocr_par' dir='ltr' id='par_1_4' title="bbox 337 933 1015 1206">
     <span class='ocr_line' id='line_1_7' title="bbox 378 933 1015 1014; baseline -0.002 -16"><span class='ocrx_word' id='word_1_26' title='bbox 378 933 460 998; x_wconf 81' lang='lat' dir='ltr'><strong>Tum</strong></span> <span class='ocrx_word' id='word_1_27' title='bbox 474 941 584 1014; x_wconf 89' lang='lat' dir='ltr'><strong>raptus</strong></span> <span class='ocrx_word' id='word_1_28' title='bbox 599 936 693 999; x_wconf 88' lang='lat' dir='ltr'><strong>simul</strong></span> <span class='ocrx_word' id='word_1_29' title='bbox 708 937 776 1012; x_wconf 89' lang='lat' dir='ltr'><strong>ipse</strong></span> <span class='ocrx_word' id='word_1_30' title='bbox 791 936 1015 1013; x_wconf 79' lang='lat' dir='ltr'><strong>prandiumque</strong></span> 
     </span>
     <span class='ocr_line' id='line_1_8' title="bbox 337 1032 887 1097; baseline 0.004 -3"><span class='ocrx_word' id='word_1_31' title='bbox 337 1033 454 1094; x_wconf 89' lang='lat' dir='ltr'><strong>sensim</strong></span> <span class='ocrx_word' id='word_1_32' title='bbox 469 1033 584 1096; x_wconf 81' lang='lat' dir='ltr'><strong>labitur</strong></span> <span class='ocrx_word' id='word_1_33' title='bbox 597 1035 630 1097; x_wconf 93' lang='lat' dir='ltr'><strong>in</strong></span> <span class='ocrx_word' id='word_1_34' title='bbox 647 1034 748 1095; x_wconf 91' lang='lat' dir='ltr'><strong>lacum</strong></span> <span class='ocrx_word' id='word_1_35' title='bbox 764 1032 887 1096; x_wconf 90' lang='lat' dir='ltr'><strong>leonum</strong></span> 
     </span>
     <span class='ocr_line' id='line_1_9' title="bbox 337 1128 983 1206; baseline 0 -18"><span class='ocrx_word' id='word_1_36' title='bbox 337 1131 386 1204; x_wconf 89' lang='lat' dir='ltr'><strong>et,</strong></span> <span class='ocrx_word' id='word_1_37' title='bbox 405 1142 482 1204; x_wconf 87' lang='lat' dir='ltr'><strong>quas</strong></span> <span class='ocrx_word' id='word_1_38' title='bbox 497 1133 573 1192; x_wconf 92' lang='lat' dir='ltr'><strong>tunc</strong></span> <span class='ocrx_word' id='word_1_39' title='bbox 588 1129 695 1206; x_wconf 86' lang='lat' dir='ltr'><strong>epulas</strong></span> <span class='ocrx_word' id='word_1_40' title='bbox 710 1129 855 1206; x_wconf 80' lang='lat' dir='ltr'><strong>gerebat,</strong></span> <span class='ocrx_word' id='word_1_41' title='bbox 873 1128 983 1190; x_wconf 75' lang='lat' dir='ltr'><strong>client:</strong></span> 
     </span>
    </p>

    <p class='ocr_par' dir='ltr' id='par_1_5' title="bbox 337 1220 1024 1391">
     <span class='ocr_line' id='line_1_10' title="bbox 379 1220 1023 1300; baseline -0.002 -14"><span class='ocrx_word' id='word_1_42' title='bbox 379 1220 491 1286; x_wconf 88' lang='lat' dir='ltr'><strong>Sumas</strong></span> <span class='ocrx_word' id='word_1_43' title='bbox 507 1225 628 1300; x_wconf 89' lang='lat' dir='ltr'><strong>laetus,</strong></span> <span class='ocrx_word' id='word_1_44' title='bbox 645 1224 715 1299; x_wconf 59' lang='lat' dir='ltr'><strong>ait,⁴</strong></span> <span class='ocrx_word' id='word_1_45' title='bbox 725 1223 886 1298; x_wconf 89' lang='lat' dir='ltr'><strong>libensque</strong></span> <span class='ocrx_word' id='word_1_46' title='bbox 901 1237 1023 1299; x_wconf 85' lang='lat' dir='ltr'><strong>carpas,</strong></span> 
     </span>
     <span class='ocr_line' id='line_1_11' title="bbox 337 1311 1024 1391; baseline -0.001 -14"><span class='ocrx_word' id='word_1_47' title='bbox 337 1330 416 1391; x_wconf 86' lang='lat' dir='ltr'><strong>quae</strong></span> <span class='ocrx_word' id='word_1_48' title='bbox 431 1331 571 1380; x_wconf 92' lang='lat' dir='ltr'><strong>summus</strong></span> <span class='ocrx_word' id='word_1_49' title='bbox 586 1315 682 1379; x_wconf 89' lang='lat' dir='ltr'><strong>Pater</strong></span> <span class='ocrx_word' id='word_1_50' title='bbox 696 1314 890 1390; x_wconf 80' lang='lat' dir='ltr'><strong>angelusque</strong></span> <span class='ocrx_word' id='word_1_51' title='bbox 906 1311 1024 1379; x_wconf 87' lang='lat' dir='ltr'><strong>Christi</strong></span> 
     </span>
    </p>
   </div>
   <div class='ocr_carea' id='block_1_3' title="bbox 337 1410 1003 1576">
    <p class='ocr_par' dir='ltr' id='par_1_6' title="bbox 337 1410 1003 1576">
     <span class='ocr_line' id='line_1_12' title="bbox 337 1410 1003 1485; baseline -0.006 -11"><span class='ocrx_word' id='word_1_52' title='bbox 337 1413 466 1474; x_wconf 87' lang='lat' dir='ltr'><strong>mittunt</strong></span> <span class='ocrx_word' id='word_1_53' title='bbox 480 1413 541 1475; x_wconf 92' lang='lat' dir='ltr'><strong>liba</strong></span> <span class='ocrx_word' id='word_1_54' title='bbox 557 1413 613 1474; x_wconf 93' lang='lat' dir='ltr'><strong>tibi</strong></span> <span class='ocrx_word' id='word_1_55' title='bbox 629 1413 686 1474; x_wconf 90' lang='lat' dir='ltr'><strong>sub</strong></span> <span class='ocrx_word' id='word_1_56' title='bbox 701 1412 760 1472; x_wconf 92' lang='lat' dir='ltr'><strong>boc</strong></span> <span class='ocrx_word' id='word_1_57' title='bbox 774 1410 902 1485; x_wconf 88' lang='lat' dir='ltr'><strong>periclo.</strong></span> <span class='ocrx_word' id='word_1_58' title='bbox 964 1439 967 1444; x_wconf 93' lang='lat'>·</span> <span class='ocrx_word' id='word_1_59' title='bbox 1000 1427 1003 1434; x_wconf 67' lang='grc'><em>’</em></span> 
     </span>
     <span class='ocr_line' id='line_1_13' title="bbox 380 1495 919 1576; baseline -0.004 -16"><span class='ocrx_word' id='word_1_60' title='bbox 380 1496 438 1560; x_wconf 90' lang='lat' dir='ltr'><strong>llis</strong></span> <span class='ocrx_word' id='word_1_61' title='bbox 454 1500 587 1576; x_wconf 89' lang='lat' dir='ltr'><strong>sumptis</strong></span> <span class='ocrx_word' id='word_1_62' title='bbox 601 1496 754 1560; x_wconf 87' lang='lat' dir='ltr'><strong>Danielus</strong></span> <span class='ocrx_word' id='word_1_63' title='bbox 769 1495 919 1558; x_wconf 86' lang='lat' dir='ltr'><strong>excitavit</strong></span> 
     </span>
    </p>
   </div>
   <div class='ocr_carea' id='block_1_4' title="bbox 334 1593 1050 2910">
    <p class='ocr_par' dir='ltr' id='par_1_7' title="bbox 335 1593 883 1763">
     <span class='ocr_line' id='line_1_14' title="bbox 336 1593 883 1668; baseline 0.004 -16"><span class='ocrx_word' id='word_1_64' title='bbox 336 1593 367 1653; x_wconf 92' lang='lat' dir='ltr'><strong>in</strong></span> <span class='ocrx_word' id='word_1_65' title='bbox 383 1594 501 1655; x_wconf 91' lang='lat' dir='ltr'><strong>caelum</strong></span> <span class='ocrx_word' id='word_1_66' title='bbox 518 1594 629 1656; x_wconf 86' lang='lat' dir='ltr'><strong>laciem</strong></span> <span class='ocrx_word' id='word_1_67' title='bbox 645 1594 775 1668; x_wconf 84' lang='lat' dir='ltr'><strong>ciboque</strong></span> <span class='ocrx_word' id='word_1_68' title='bbox 791 1593 883 1656; x_wconf 81' lang='lat' dir='ltr'><strong>fortis</strong></span> 
     </span>
     <span class='ocr_line' id='line_1_15' title="bbox 335 1682 878 1763; baseline 0.002 -17"><span class='ocrx_word' id='word_1_69' title='bbox 335 1682 436 1746; x_wconf 82' lang='lat' dir='ltr'><strong>Amen</strong></span> <span class='ocrx_word' id='word_1_70' title='bbox 447 1685 600 1763; x_wconf 81' lang='lat' dir='ltr'><strong>reddidit,</strong></span> <span class='ocrx_word' id='word_1_71' title='bbox 617 1686 772 1749; x_wconf 87' lang='lat' dir='ltr'><strong>Hallelula</strong></span> <span class='ocrx_word' id='word_1_72' title='bbox 788 1685 878 1750; x_wconf 85' lang='lat' dir='ltr'><strong>dixit.</strong></span> 
     </span>
    </p>

    <p class='ocr_par' dir='ltr' id='par_1_8' title="bbox 335 1774 1000 2049">
     <span class='ocr_line' id='line_1_16' title="bbox 379 1774 919 1855; baseline 0 -15"><span class='ocrx_word' id='word_1_73' title='bbox 379 1774 432 1841; x_wconf 89' lang='lat' dir='ltr'><strong>Sic</strong></span> <span class='ocrx_word' id='word_1_74' title='bbox 446 1794 504 1841; x_wconf 91' lang='lat' dir='ltr'><strong>nos</strong></span> <span class='ocrx_word' id='word_1_75' title='bbox 519 1781 699 1844; x_wconf 87' lang='lat' dir='ltr'><strong>muneribus</strong></span> <span class='ocrx_word' id='word_1_76' title='bbox 713 1779 779 1842; x_wconf 89' lang='lat' dir='ltr'><strong>tuis</strong></span> <span class='ocrx_word' id='word_1_77' title='bbox 797 1778 919 1855; x_wconf 87' lang='lat' dir='ltr'><strong>reiecti,</strong></span> 
     </span>
     <span class='ocr_line' id='line_1_17' title="bbox 336 1874 901 1952; baseline 0 -14"><span class='ocrx_word' id='word_1_78' title='bbox 336 1875 469 1952; x_wconf 88' lang='lat' dir='ltr'><strong>largitor</strong></span> <span class='ocrx_word' id='word_1_79' title='bbox 481 1874 568 1939; x_wconf 84' lang='lat' dir='ltr'><strong>Deus</strong></span> <span class='ocrx_word' id='word_1_80' title='bbox 584 1877 721 1938; x_wconf 92' lang='lat' dir='ltr'><strong>omnium</strong></span> <span class='ocrx_word' id='word_1_81' title='bbox 737 1876 901 1950; x_wconf 91' lang='lat' dir='ltr'><strong>bonorum,</strong></span> 
     </span>
     <span class='ocr_line' id='line_1_18' title="bbox 335 1971 1000 2049; baseline 0 -15"><span class='ocrx_word' id='word_1_82' title='bbox 335 1976 442 2049; x_wconf 60' lang='lat' dir='ltr'><strong>males</strong></span> <span class='ocrx_word' id='word_1_83' title='bbox 457 1973 615 2036; x_wconf 78' lang='lat' dir='ltr'><strong>molimus</strong></span> <span class='ocrx_word' id='word_1_84' title='bbox 631 1977 662 2035; x_wconf 92' lang='lat' dir='ltr'><strong>et</strong></span> <span class='ocrx_word' id='word_1_85' title='bbox 677 1984 840 2036; x_wconf 86' lang='lat' dir='ltr'><strong>sacramus</strong></span> <span class='ocrx_word' id='word_1_86' title='bbox 855 1971 1000 2048; x_wconf 82' lang='lat' dir='ltr'><strong>hymnos.</strong></span> 
     </span>
    </p>

    <p class='ocr_par' dir='ltr' id='par_1_9' title="bbox 337 2059 913 2334">
     <span class='ocr_line' id='line_1_19' title="bbox 378 2059 913 2144; baseline -0.007 -12"><span class='ocrx_word' id='word_1_87' title='bbox 378 2066 429 2132; x_wconf 80' lang='lat' dir='ltr'><strong>uu</strong></span> <span class='ocrx_word' id='word_1_88' title='bbox 442 2084 501 2132; x_wconf 88' lang='lat' dir='ltr'><strong>nos</strong></span> <span class='ocrx_word' id='word_1_89' title='bbox 516 2070 660 2132; x_wconf 79' lang='lat' dir='ltr'><strong>tristifico</strong></span> <span class='ocrx_word' id='word_1_90' title='bbox 675 2059 764 2130; x_wconf 88' lang='lat' dir='ltr'><strong>velut</strong></span> <span class='ocrx_word' id='word_1_91' title='bbox 777 2071 913 2144; x_wconf 80' lang='lat' dir='ltr'><strong>tyranno</strong></span> 
     </span>
     <span class='ocr_line' id='line_1_20' title="bbox 337 2164 854 2241; baseline 0.002 -16"><span class='ocrx_word' id='word_1_92' title='bbox 337 2164 443 2226; x_wconf 85' lang='lat' dir='ltr'><strong>munbi</strong></span> <span class='ocrx_word' id='word_1_93' title='bbox 459 2164 581 2227; x_wconf 86' lang='lat' dir='ltr'><strong>scilicet</strong></span> <span class='ocrx_word' id='word_1_94' title='bbox 595 2165 766 2241; x_wconf 88' lang='lat' dir='ltr'><strong>inpotentis</strong></span> <span class='ocrx_word' id='word_1_95' title='bbox 781 2168 854 2226; x_wconf 89' lang='lat' dir='ltr'><strong>actu</strong></span> 
     </span>
     <span class='ocr_line' id='line_1_21' title="bbox 337 2255 911 2334; baseline -0.003 -15"><span class='ocrx_word' id='word_1_96' title='bbox 337 2257 500 2320; x_wconf 86' lang='lat' dir='ltr'><strong>conclusos</strong></span> <span class='ocrx_word' id='word_1_97' title='bbox 515 2259 600 2334; x_wconf 91' lang='lat' dir='ltr'><strong>regis</strong></span> <span class='ocrx_word' id='word_1_98' title='bbox 616 2261 648 2318; x_wconf 90' lang='lat' dir='ltr'><strong>et</strong></span> <span class='ocrx_word' id='word_1_99' title='bbox 663 2257 761 2319; x_wconf 88' lang='lat' dir='ltr'><strong>ieram</strong></span> <span class='ocrx_word' id='word_1_100' title='bbox 776 2255 911 2332; x_wconf 88' lang='lat' dir='ltr'><strong>repellis,</strong></span> 
     </span>
    </p>

    <p class='ocr_par' dir='ltr' id='par_1_10' title="bbox 334 2353 1020 2620">
     <span class='ocr_line' id='line_1_22' title="bbox 376 2353 1020 2428; baseline -0.006 -14"><span class='ocrx_word' id='word_1_101' title='bbox 376 2367 455 2428; x_wconf 91' lang='lat' dir='ltr'><strong>quae</strong></span> <span class='ocrx_word' id='word_1_102' title='bbox 471 2353 696 2416; x_wconf 84' lang='lat' dir='ltr'><strong>circumfremit</strong></span> <span class='ocrx_word' id='word_1_103' title='bbox 709 2367 746 2413; x_wconf 92' lang='lat' dir='ltr'><strong>ac</strong></span> <span class='ocrx_word' id='word_1_104' title='bbox 760 2365 873 2413; x_wconf 87' lang='lat' dir='ltr'><strong>vorare</strong></span> <span class='ocrx_word' id='word_1_105' title='bbox 884 2353 1020 2426; x_wconf 88' lang='lat' dir='ltr'><strong>temptat</strong></span> 
     </span>
     <span class='ocr_line' id='line_1_23' title="bbox 334 2448 889 2524; baseline 0 -16"><span class='ocrx_word' id='word_1_106' title='bbox 334 2448 461 2510; x_wconf 87' lang='lat' dir='ltr'><strong>insanos</strong></span> <span class='ocrx_word' id='word_1_107' title='bbox 476 2463 591 2512; x_wconf 90' lang='lat' dir='ltr'><strong>acuens</strong></span> <span class='ocrx_word' id='word_1_108' title='bbox 608 2449 715 2510; x_wconf 87' lang='lat' dir='ltr'><strong>lurore</strong></span> <span class='ocrx_word' id='word_1_109' title='bbox 733 2449 852 2524; x_wconf 66' lang='lat' dir='ltr'><strong>alentes</strong></span> <span class='ocrx_word' id='word_1_110' title='bbox 887 2495 889 2500; x_wconf 88' lang='lat'><em>.</em></span> 
     </span>
     <span class='ocr_line' id='line_1_24' title="bbox 335 2535 1017 2620; baseline -0.001 -16"><span class='ocrx_word' id='word_1_111' title='bbox 335 2557 393 2605; x_wconf 88' lang='lat' dir='ltr'><strong>cur</strong></span> <span class='ocrx_word' id='word_1_112' title='bbox 407 2548 456 2620; x_wconf 86' lang='lat' dir='ltr'><strong>te,</strong></span> <span class='ocrx_word' id='word_1_113' title='bbox 474 2559 593 2606; x_wconf 92' lang='lat' dir='ltr'><strong>summe</strong></span> <span class='ocrx_word' id='word_1_114' title='bbox 608 2541 712 2620; x_wconf 85' lang='lat' dir='ltr'><strong>Deus,</strong></span> <span class='ocrx_word' id='word_1_115' title='bbox 730 2535 894 2619; x_wconf 75' lang='lat' dir='ltr'><strong>precemur</strong></span> <span class='ocrx_word' id='word_1_116' title='bbox 907 2554 1017 2605; x_wconf 89' lang='lat' dir='ltr'><strong>unum.</strong></span> 
     </span>
    </p>

    <p class='ocr_par' dir='ltr' id='par_1_11' title="bbox 335 2637 1050 2910">
     <span class='ocr_line' id='line_1_25' title="bbox 381 2637 1050 2717; baseline -0.004 -14"><span class='ocrx_word' id='word_1_117' title='bbox 381 2637 561 2717; x_wconf 79' lang='lat' dir='ltr'><strong>vexamur,</strong></span> <span class='ocrx_word' id='word_1_118' title='bbox 578 2641 766 2717; x_wconf 77' lang='lat' dir='ltr'><strong>premimur,</strong></span> <span class='ocrx_word' id='word_1_119' title='bbox 785 2639 876 2700; x_wconf 85' lang='lat' dir='ltr'><strong>malis</strong></span> <span class='ocrx_word' id='word_1_120' title='bbox 891 2642 1050 2713; x_wconf 84' lang='lat' dir='ltr'><strong>rotamur;</strong></span> 
     </span>
     <span class='ocr_line' id='line_1_26' title="bbox 335 2736 1010 2813; baseline -0.006 -15"><span class='ocrx_word' id='word_1_121' title='bbox 335 2736 485 2813; x_wconf 83' lang='lat' dir='ltr'><strong>oderunt,</strong></span> <span class='ocrx_word' id='word_1_122' title='bbox 502 2737 663 2813; x_wconf 83' lang='lat' dir='ltr'><strong>lacerant,</strong></span> <span class='ocrx_word' id='word_1_123' title='bbox 680 2736 821 2811; x_wconf 88' lang='lat' dir='ltr'><strong>trabunt,</strong></span> <span class='ocrx_word' id='word_1_124' title='bbox 839 2736 1010 2809; x_wconf 86' lang='lat' dir='ltr'><strong>lacessunt,</strong></span> 
     </span>
     <span class='ocr_line' id='line_1_27' title="bbox 335 2831 915 2910; baseline -0.003 -16"><span class='ocrx_word' id='word_1_125' title='bbox 335 2833 441 2898; x_wconf 89' lang='lat' dir='ltr'><strong>iuncta</strong></span> <span class='ocrx_word' id='word_1_126' title='bbox 456 2836 505 2894; x_wconf 83' lang='lat' dir='ltr'><strong>est</strong></span> <span class='ocrx_word' id='word_1_127' title='bbox 519 2832 681 2910; x_wconf 89' lang='lat' dir='ltr'><strong>suppliciis</strong></span> <span class='ocrx_word' id='word_1_128' title='bbox 696 2832 773 2894; x_wconf 87' lang='lat' dir='ltr'><strong>illes</strong></span> <span class='ocrx_word' id='word_1_129' title='bbox 788 2831 915 2906; x_wconf 84' lang='lat' dir='ltr'><strong>iniquis.</strong></span> 
     </span>
    </p>
   </div>
   <div class='ocr_carea' id='block_1_5' title="bbox 120 2993 1291 3958">
    <p class='ocr_par' dir='ltr' id='par_1_12' title="bbox 120 2993 1291 3958">
     <span class='ocr_line' id='line_1_28' title="bbox 194 2993 1254 3064; baseline 0.001 -18"><span class='ocrx_word' id='word_1_130' title='bbox 194 2997 239 3047; x_wconf 77' lang='lat'><strong>59.</strong></span> <span class='ocrx_word' id='word_1_131' title='bbox 258 2995 408 3046; x_wconf 80' lang='lat' dir='ltr'><strong>Ambacum</strong></span> <span class='ocrx_word' id='word_1_132' title='bbox 419 2997 441 3048; x_wconf 83' lang='grc' dir='ltr'>Α</span> <span class='ocrx_word' id='word_1_133' title='bbox 454 2997 473 3047; x_wconf 84' lang='grc' dir='ltr'><strong><em>Β</em></strong></span> <span class='ocrx_word' id='word_1_134' title='bbox 485 2995 521 3050; x_wconf 90' lang='lat' dir='ltr'>W</span> <span class='ocrx_word' id='word_1_135' title='bbox 532 2996 590 3048; x_wconf 87' lang='lat' dir='ltr'><strong>Pnt.</strong></span> <span class='ocrx_word' id='word_1_136' title='bbox 606 2995 757 3064; x_wconf 77' lang='lat' dir='ltr'><strong>[secunlum</strong></span> <span class='ocrx_word' id='word_1_137' title='bbox 770 2994 861 3059; x_wconf 82' lang='lat' dir='ltr'>Lxx,</span> <span class='ocrx_word' id='word_1_138' title='bbox 883 2995 916 3045; x_wconf 83' lang='lat' dir='ltr'><strong>(le</strong></span> <span class='ocrx_word' id='word_1_139' title='bbox 928 2993 1048 3060; x_wconf 79' lang='lat' dir='ltr'><strong>prosodia</strong></span> <span class='ocrx_word' id='word_1_140' title='bbox 1059 2994 1113 3046; x_wconf 81' lang='lat' dir='ltr'><strong>vid.</strong></span> <span class='ocrx_word' id='word_1_141' title='bbox 1127 2993 1254 3047; x_wconf 80' lang='lat' dir='ltr'><strong>Thoodnl.</strong></span> 
     </span>
     <span class='ocr_line' id='line_1_29' title="bbox 122 3062 1255 3130; baseline 0.001 -15"><span class='ocrx_word' id='word_1_142' title='bbox 122 3080 166 3130; x_wconf 82' lang='lat' dir='ltr'><strong>ap.</strong></span> <span class='ocrx_word' id='word_1_143' title='bbox 186 3063 286 3117; x_wconf 87' lang='lat' dir='ltr'><strong>Weitz.</strong></span> <span class='ocrx_word' id='word_1_144' title='bbox 306 3079 331 3130; x_wconf 89' lang='lat' dir='ltr'><strong>p.</strong></span> <span class='ocrx_word' id='word_1_145' title='bbox 346 3063 412 3114; x_wconf 80' lang='lat'>556:</span> <span class='ocrx_word' id='word_1_146' title='bbox 430 3066 556 3117; x_wconf 82' lang='lat' dir='ltr'><strong>Abbocuc</strong></span> <span class='ocrx_word' id='word_1_147' title='bbox 571 3068 631 3117; x_wconf 80' lang='lat' dir='ltr'><strong>colo</strong></span> <span class='ocrx_word' id='word_1_148' title='bbox 651 3071 821 3118; x_wconf 76' lang='lat' dir='ltr'><strong>transuectus</strong></span> <span class='ocrx_word' id='word_1_149' title='bbox 838 3077 925 3130; x_wconf 74' lang='lat' dir='ltr'><strong>reguo</strong></span> <span class='ocrx_word' id='word_1_150' title='bbox 945 3062 1071 3130; x_wconf 74' lang='lat' dir='ltr'><strong>capitioJ,</strong></span> <span class='ocrx_word' id='word_1_151' title='bbox 1098 3063 1228 3116; x_wconf 81' lang='lat' dir='ltr'><strong>abbacum</strong></span> <span class='ocrx_word' id='word_1_152' title='bbox 1246 3065 1255 3116; x_wconf 92' lang='lat' dir='ltr'><strong>i</strong></span> 
     </span>
     <span class='ocr_line' id='line_1_30' title="bbox 123 3131 1259 3201; baseline -0.004 -15"><span class='ocrx_word' id='word_1_153' title='bbox 123 3134 211 3198; x_wconf 76' lang='lat' dir='ltr'><strong>ecit,</strong></span> <span class='ocrx_word' id='word_1_154' title='bbox 242 3133 404 3196; x_wconf 81' lang='lat' dir='ltr'><strong>abaciaco,</strong></span> <span class='ocrx_word' id='word_1_155' title='bbox 435 3135 645 3201; x_wconf 85' lang='lat' dir='ltr'><strong>abacucllpn‚</strong></span> <span class='ocrx_word' id='word_1_156' title='bbox 676 3136 817 3197; x_wconf 69' lang='lat' dir='ltr'><strong>Albam,</strong></span> <span class='ocrx_word' id='word_1_157' title='bbox 848 3134 902 3184; x_wconf 79' lang='lat' dir='ltr'><strong>sive</strong></span> <span class='ocrx_word' id='word_1_158' title='bbox 915 3132 1040 3183; x_wconf 81' lang='lat' dir='ltr'><strong>liubocuo</strong></span> <span class='ocrx_word' id='word_1_159' title='bbox 1060 3131 1115 3184; x_wconf 86' lang='lat' dir='ltr'><strong>alii.</strong></span> <span class='ocrx_word' id='word_1_160' title='bbox 1187 3167 1189 3174; x_wconf 84' lang='lat'>-</span> <span class='ocrx_word' id='word_1_161' title='bbox 1257 3175 1259 3182; x_wconf 94' lang='lat'><em>.</em></span> 
     </span>
     <span class='ocr_line' id='line_1_31' title="bbox 159 3200 1256 3269; baseline 0 -14"><span class='ocrx_word' id='word_1_162' title='bbox 159 3203 203 3255; x_wconf 86' lang='grc'><strong>67.</strong></span> <span class='ocrx_word' id='word_1_163' title='bbox 225 3200 309 3253; x_wconf 79' lang='lat' dir='ltr'><strong>Cuius</strong></span> <span class='ocrx_word' id='word_1_164' title='bbox 320 3200 356 3252; x_wconf 92' lang='lat' dir='ltr'>W</span> <span class='ocrx_word' id='word_1_165' title='bbox 368 3217 444 3269; x_wconf 84' lang='lat' dir='ltr'><strong>supra</strong></span> <span class='ocrx_word' id='word_1_166' title='bbox 457 3204 522 3269; x_wconf 71' lang='lat' dir='ltr'><strong>albq</strong></span> <span class='ocrx_word' id='word_1_167' title='bbox 541 3220 638 3254; x_wconf 82' lang='lat' dir='ltr'><strong>munus</strong></span> <span class='ocrx_word' id='word_1_168' title='bbox 650 3220 678 3254; x_wconf 90' lang='lat' dir='ltr'><strong>n.</strong></span> <span class='ocrx_word' id='word_1_169' title='bbox 791 3203 834 3252; x_wconf 84' lang='grc'><strong>64.</strong></span> <span class='ocrx_word' id='word_1_170' title='bbox 856 3201 929 3252; x_wconf 83' lang='lat' dir='ltr'><strong>Tunc</strong></span> <span class='ocrx_word' id='word_1_171' title='bbox 938 3217 964 3251; x_wconf 89' lang='lat' dir='ltr'><strong>n.</strong></span> <span class='ocrx_word' id='word_1_172' title='bbox 1068 3203 1111 3253; x_wconf 81' lang='lat' dir='ltr'><strong>ob.</strong></span> <span class='ocrx_word' id='word_1_173' title='bbox 1126 3201 1256 3255; x_wconf 74' lang='lat' dir='ltr'><strong>titatium</strong></span> 
     </span>
     <span class='ocr_line' id='line_1_32' title="bbox 122 3269 1256 3338; baseline 0 -17"><span class='ocrx_word' id='word_1_174' title='bbox 122 3272 246 3322; x_wconf 79' lang='lat' dir='ltr'><strong>mendose</strong></span> <span class='ocrx_word' id='word_1_175' title='bbox 260 3270 319 3322; x_wconf 82' lang='lat' dir='ltr'><strong>Ala.</strong></span> <span class='ocrx_word' id='word_1_176' title='bbox 333 3269 415 3335; x_wconf 75' lang='lat' dir='ltr'><strong>Lugii.</strong></span> <span class='ocrx_word' id='word_1_177' title='bbox 429 3271 507 3323; x_wconf 75' lang='lat' dir='ltr'><strong>Nuba.</strong></span> <span class='ocrx_word' id='word_1_178' title='bbox 609 3273 651 3323; x_wconf 87' lang='grc'><strong>70.</strong></span> <span class='ocrx_word' id='word_1_179' title='bbox 669 3277 794 3338; x_wconf 80' lang='lat' dir='ltr'><strong>sumptus</strong></span> <span class='ocrx_word' id='word_1_180' title='bbox 807 3270 951 3322; x_wconf 67' lang='lat' dir='ltr'><strong>donimus</strong></span> <span class='ocrx_word' id='word_1_181' title='bbox 964 3284 990 3319; x_wconf 86' lang='lat' dir='ltr'><strong>a.</strong></span> <span class='ocrx_word' id='word_1_182' title='bbox 1085 3271 1127 3322; x_wconf 82' lang='grc'><strong>72.</strong></span> <span class='ocrx_word' id='word_1_183' title='bbox 1142 3271 1256 3321; x_wconf 69' lang='lat' dir='ltr'><strong>alleluia</strong></span> 
     </span>
     <span class='ocr_line' id='line_1_33' title="bbox 123 3337 1254 3406; baseline 0.001 -17"><span class='ocrx_word' id='word_1_184' title='bbox 123 3341 207 3392; x_wconf 74' lang='lat' dir='ltr'><strong>nourr</strong></span> <span class='ocrx_word' id='word_1_185' title='bbox 219 3339 309 3406; x_wconf 84' lang='lat' dir='ltr'><strong>scripti</strong></span> <span class='ocrx_word' id='word_1_186' title='bbox 328 3355 414 3392; x_wconf 87' lang='lat' dir='ltr'><strong>omnes</strong></span> <span class='ocrx_word' id='word_1_187' title='bbox 426 3341 485 3392; x_wconf 78' lang='lat' dir='ltr'><strong>Ali.</strong></span> <span class='ocrx_word' id='word_1_188' title='bbox 505 3341 587 3406; x_wconf 77' lang='lat' dir='ltr'><strong>Lugii.</strong></span> <span class='ocrx_word' id='word_1_189' title='bbox 603 3340 674 3396; x_wconf 85' lang='lat' dir='ltr'><strong>Sielr.</strong></span> <span class='ocrx_word' id='word_1_190' title='bbox 687 3348 742 3393; x_wconf 84' lang='lat' dir='ltr'><strong>tros</strong></span> <span class='ocrx_word' id='word_1_191' title='bbox 760 3339 839 3390; x_wconf 79' lang='lat' dir='ltr'><strong>Fabr.</strong></span> <span class='ocrx_word' id='word_1_192' title='bbox 854 3338 951 3390; x_wconf 81' lang='lat' dir='ltr'><strong>Woitu.</strong></span> <span class='ocrx_word' id='word_1_193' title='bbox 966 3338 1043 3388; x_wconf 85' lang='lat' dir='ltr'><strong>Cbor.</strong></span> <span class='ocrx_word' id='word_1_194' title='bbox 1058 3337 1142 3389; x_wconf 85' lang='lat' dir='ltr'><strong>Poctt.</strong></span> <span class='ocrx_word' id='word_1_195' title='bbox 1158 3340 1254 3390; x_wconf 79' lang='lat' dir='ltr'><strong>Amstr.</strong></span> 
     </span>
     <span class='ocr_line' id='line_1_34' title="bbox 122 3406 1257 3478; baseline -0.002 -19"><span class='ocrx_word' id='word_1_196' title='bbox 122 3408 191 3460; x_wconf 77' lang='lat' dir='ltr'><strong>coli.</strong></span> <span class='ocrx_word' id='word_1_197' title='bbox 331 3411 373 3459; x_wconf 86' lang='grc'><strong>74.</strong></span> <span class='ocrx_word' id='word_1_198' title='bbox 394 3410 577 3478; x_wconf 56' lang='lat' dir='ltr'><strong>[largitorque</strong></span> <span class='ocrx_word' id='word_1_199' title='bbox 589 3427 613 3461; x_wconf 89' lang='lat' dir='ltr'><strong>o.</strong></span> <span class='ocrx_word' id='word_1_200' title='bbox 765 3412 808 3459; x_wconf 96' lang='grc'><strong>77.</strong></span> <span class='ocrx_word' id='word_1_201' title='bbox 828 3411 977 3474; x_wconf 74' lang='lat' dir='ltr'><strong>inpotentis</strong></span> <span class='ocrx_word' id='word_1_202' title='bbox 988 3411 1071 3457; x_wconf 84' lang='lat' dir='ltr'><strong>antro</strong></span> <span class='ocrx_word' id='word_1_203' title='bbox 1082 3406 1161 3457; x_wconf 82' lang='lat' dir='ltr'><strong>scribi</strong></span> <span class='ocrx_word' id='word_1_204' title='bbox 1174 3407 1257 3458; x_wconf 81' lang='lat' dir='ltr'><strong>uoluit</strong></span> 
     </span>
     <span class='ocr_line' id='line_1_35' title="bbox 122 3475 1254 3546; baseline -0.001 -18"><span class='ocrx_word' id='word_1_205' title='bbox 122 3477 222 3530; x_wconf 81' lang='lat' dir='ltr'><strong>Cancb.</strong></span> <span class='ocrx_word' id='word_1_206' title='bbox 236 3475 361 3539; x_wconf 79' lang='lat' dir='ltr'><strong>Frustra3</strong></span> <span class='ocrx_word' id='word_1_207' title='bbox 381 3494 438 3529; x_wconf 86' lang='lat' dir='ltr'><strong>nam</strong></span> <span class='ocrx_word' id='word_1_208' title='bbox 450 3485 515 3531; x_wconf 81' lang='lat' dir='ltr'><strong>actu</strong></span> <span class='ocrx_word' id='word_1_209' title='bbox 527 3487 610 3531; x_wconf 83' lang='lat' dir='ltr'><strong>motus</strong></span> <span class='ocrx_word' id='word_1_210' title='bbox 619 3479 735 3530; x_wconf 80' lang='lat' dir='ltr'><strong>varietas</strong></span> <span class='ocrx_word' id='word_1_211' title='bbox 748 3486 824 3543; x_wconf 86' lang='lat' dir='ltr'><strong>atquc</strong></span> <span class='ocrx_word' id='word_1_212' title='bbox 837 3475 1010 3526; x_wconf 79' lang='lat' dir='ltr'><strong>inconstantia</strong></span> <span class='ocrx_word' id='word_1_213' title='bbox 1020 3475 1165 3527; x_wconf 77' lang='lat' dir='ltr'><strong>denotatur.</strong></span> <span class='ocrx_word' id='word_1_214' title='bbox 1181 3475 1254 3546; x_wconf 82' lang='lat' dir='ltr'><strong>[Vid.</strong></span> 
     </span>
     <span class='ocr_line' id='line_1_36' title="bbox 121 3530 1256 3612; baseline 0 -16"><span class='ocrx_word' id='word_1_215' title='bbox 121 3545 302 3611; x_wconf 82' lang='lat' dir='ltr'><strong>vr,ao,1ro.</strong></span> <span class='ocrx_word' id='word_1_216' title='bbox 318 3545 346 3599; x_wconf 88' lang='lat' dir='ltr'><strong>n.</strong></span> <span class='ocrx_word' id='word_1_217' title='bbox 360 3546 465 3612; x_wconf 64' lang='lat' dir='ltr'><strong>xpm.</strong></span> <span class='ocrx_word' id='word_1_218' title='bbox 485 3547 581 3601; x_wconf 69' lang='lat' dir='ltr'><strong>nucia.</strong></span> <span class='ocrx_word' id='word_1_219' title='bbox 596 3530 643 3612; x_wconf 76' lang='lat' dir='ltr'><strong>ria,</strong></span> <span class='ocrx_word' id='word_1_220' title='bbox 657 3550 718 3611; x_wconf 79' lang='lat' dir='ltr'><strong>ore,</strong></span> <span class='ocrx_word' id='word_1_221' title='bbox 731 3554 758 3598; x_wconf 73' lang='lat' dir='ltr'><strong>u</strong></span> <span class='ocrx_word' id='word_1_222' title='bbox 770 3547 841 3596; x_wconf 75' lang='lat' dir='ltr'><strong>con.</strong></span> <span class='ocrx_word' id='word_1_223' title='bbox 855 3545 887 3594; x_wconf 70' lang='lat' dir='ltr'><strong>aa</strong></span> <span class='ocrx_word' id='word_1_224' title='bbox 901 3542 945 3605; x_wconf 90' lang='lat' dir='ltr'><strong>m,</strong></span> <span class='ocrx_word' id='word_1_225' title='bbox 960 3542 1032 3608; x_wconf 79' lang='lat' dir='ltr'><strong>aoop.</strong></span> <span class='ocrx_word' id='word_1_226' title='bbox 1138 3546 1179 3596; x_wconf 80' lang='lat' dir='ltr'><strong>as.</strong></span> <span class='ocrx_word' id='word_1_227' title='bbox 1187 3547 1256 3610; x_wconf 72' lang='lat' dir='ltr'><strong>sm</strong></span> 
     </span>
     <span class='ocr_line' id='line_1_37' title="bbox 122 3611 1255 3680; baseline -0.001 -15"><span class='ocrx_word' id='word_1_228' title='bbox 122 3632 147 3665; x_wconf 87' lang='lat' dir='ltr'><strong>o.</strong></span> <span class='ocrx_word' id='word_1_229' title='bbox 326 3616 369 3666; x_wconf 89' lang='lat'><strong>81.</strong></span> <span class='ocrx_word' id='word_1_230' title='bbox 391 3617 448 3667; x_wconf 78' lang='lat' dir='ltr'><strong>Cur</strong></span> <span class='ocrx_word' id='word_1_231' title='bbox 460 3617 481 3667; x_wconf 77' lang='lat' dir='ltr'>A</span> <span class='ocrx_word' id='word_1_232' title='bbox 494 3616 515 3668; x_wconf 82' lang='grc' dir='ltr'><strong>Ε</strong></span> <span class='ocrx_word' id='word_1_233' title='bbox 529 3618 548 3669; x_wconf 89' lang='grc' dir='ltr'><strong>Ρ</strong></span> <span class='ocrx_word' id='word_1_234' title='bbox 560 3617 582 3668; x_wconf 90' lang='grc' dir='ltr'><strong>Τ</strong></span> <span class='ocrx_word' id='word_1_235' title='bbox 595 3616 652 3668; x_wconf 87' lang='lat' dir='ltr'><strong>Pnt.</strong></span> <span class='ocrx_word' id='word_1_236' title='bbox 673 3616 716 3668; x_wconf 76' lang='lat' dir='ltr'><strong>Tu</strong></span> <span class='ocrx_word' id='word_1_237' title='bbox 725 3632 761 3668; x_wconf 89' lang='lat' dir='ltr'><strong>rr.</strong></span> <span class='ocrx_word' id='word_1_238' title='bbox 783 3633 801 3666; x_wconf 88' lang='grc' dir='ltr'><strong><em>α</em></strong></span> <span class='ocrx_word' id='word_1_239' title='bbox 814 3629 829 3665; x_wconf 89' lang='lat' dir='ltr'><strong>a</strong></span> <span class='ocrx_word' id='word_1_240' title='bbox 841 3629 857 3663; x_wconf 95' lang='lat' dir='ltr'><strong>o</strong></span> <span class='ocrx_word' id='word_1_241' title='bbox 869 3629 885 3680; x_wconf 91' lang='lat' dir='ltr'><strong>p</strong></span> <span class='ocrx_word' id='word_1_242' title='bbox 898 3613 986 3663; x_wconf 87' lang='lat' dir='ltr'><strong>ileins.</strong></span> <span class='ocrx_word' id='word_1_243' title='bbox 1002 3611 1068 3664; x_wconf 77' lang='lat' dir='ltr'><strong>Geli.</strong></span> <span class='ocrx_word' id='word_1_244' title='bbox 1082 3613 1161 3664; x_wconf 78' lang='lat' dir='ltr'><strong>Arcu.</strong></span> <span class='ocrx_word' id='word_1_245' title='bbox 1176 3614 1255 3678; x_wconf 66' lang='lat' dir='ltr'><strong>obt„</strong></span> 
     </span>
     <span class='ocr_line' id='line_1_38' title="bbox 125 3681 1257 3750; baseline -0.004 -14"><span class='ocrx_word' id='word_1_246' title='bbox 125 3684 196 3736; x_wconf 78' lang='lat' dir='ltr'><strong>Cum</strong></span> <span class='ocrx_word' id='word_1_247' title='bbox 214 3681 293 3734; x_wconf 72' lang='lat' dir='ltr'><strong>Febr.</strong></span> <span class='ocrx_word' id='word_1_248' title='bbox 313 3683 370 3736; x_wconf 84' lang='lat' dir='ltr'><strong>Gis.</strong></span> <span class='ocrx_word' id='word_1_249' title='bbox 384 3683 499 3750; x_wconf 62' lang='lat' dir='ltr'><strong>weita,</strong></span> <span class='ocrx_word' id='word_1_250' title='bbox 533 3685 652 3737; x_wconf 83' lang='lat' dir='ltr'><strong>TuncW</strong></span> <span class='ocrx_word' id='word_1_251' title='bbox 676 3685 751 3736; x_wconf 87' lang='lat' dir='ltr'><strong>Gold.</strong></span> <span class='ocrx_word' id='word_1_252' title='bbox 771 3683 829 3734; x_wconf 83' lang='lat' dir='ltr'><strong>flat.</strong></span> <span class='ocrx_word' id='word_1_253' title='bbox 844 3682 952 3734; x_wconf 75' lang='lat' dir='ltr'><strong>iunii.</strong></span> <span class='ocrx_word' id='word_1_254' title='bbox 973 3682 1028 3748; x_wconf 88' lang='lat' dir='ltr'><strong>(qui</strong></span> <span class='ocrx_word' id='word_1_255' title='bbox 1049 3682 1167 3734; x_wconf 82' lang='lat' dir='ltr'><strong>ediderat</strong></span> <span class='ocrx_word' id='word_1_256' title='bbox 1182 3683 1257 3734; x_wconf 82' lang='lat' dir='ltr'><strong>Tunc</strong></span> 
     </span>
     <span class='ocr_line' id='line_1_39' title="bbox 121 3750 1291 3826; baseline -0.001 -22"><span class='ocrx_word' id='word_1_257' title='bbox 121 3767 229 3804; x_wconf 75' lang='lat' dir='ltr'><strong>monnio</strong></span> <span class='ocrx_word' id='word_1_258' title='bbox 240 3752 322 3816; x_wconf 76' lang='lat' dir='ltr'><strong>dous,</strong></span> <span class='ocrx_word' id='word_1_259' title='bbox 336 3768 404 3804; x_wconf 91' lang='lat' dir='ltr'><strong>corr.</strong></span> <span class='ocrx_word' id='word_1_260' title='bbox 422 3754 496 3805; x_wconf 79' lang='lat' dir='ltr'><strong>Tunc</strong></span> <span class='ocrx_word' id='word_1_261' title='bbox 509 3759 536 3804; x_wconf 86' lang='lat' dir='ltr'><strong>io</strong></span> <span class='ocrx_word' id='word_1_262' title='bbox 547 3770 650 3805; x_wconf 83' lang='lat' dir='ltr'><strong>summo</strong></span> <span class='ocrx_word' id='word_1_263' title='bbox 662 3753 755 3816; x_wconf 81' lang='lat' dir='ltr'><strong>deum,</strong></span> <span class='ocrx_word' id='word_1_264' title='bbox 774 3752 841 3819; x_wconf 82' lang='lat' dir='ltr'><strong>quod</strong></span> <span class='ocrx_word' id='word_1_265' title='bbox 854 3767 926 3818; x_wconf 79' lang='lat' dir='ltr'><strong>capr.</strong></span> <span class='ocrx_word' id='word_1_266' title='bbox 942 3750 1036 3815; x_wconf 72' lang='lat' dir='ltr'><strong>bugu,</strong></span> <span class='ocrx_word' id='word_1_267' title='bbox 1053 3750 1134 3802; x_wconf 81' lang='lat' dir='ltr'><strong>Nunc</strong></span> <span class='ocrx_word' id='word_1_268' title='bbox 1146 3752 1177 3803; x_wconf 90' lang='lat' dir='ltr'><strong>ll.</strong></span> <span class='ocrx_word' id='word_1_269' title='bbox 1284 3809 1291 3826; x_wconf 35' lang='grc' dir='ltr'><strong>ι</strong></span> 
     </span>
     <span class='ocr_line' id='line_1_40' title="bbox 172 3818 1199 3891; baseline 0 -19"><span class='ocrx_word' id='word_1_270' title='bbox 172 3822 218 3873; x_wconf 81' lang='grc'><strong>87.</strong></span> <span class='ocrx_word' id='word_1_271' title='bbox 238 3818 294 3872; x_wconf 82' lang='lat' dir='ltr'><strong>Non</strong></span> <span class='ocrx_word' id='word_1_272' title='bbox 308 3830 367 3873; x_wconf 85' lang='lat' dir='ltr'><strong>ante</strong></span> <span class='ocrx_word' id='word_1_273' title='bbox 380 3823 425 3874; x_wconf 82' lang='lat' dir='ltr'><strong>uod</strong></span> <span class='ocrx_word' id='word_1_274' title='bbox 437 3824 588 3888; x_wconf 76' lang='lat' dir='ltr'><strong>portunalis</strong></span> <span class='ocrx_word' id='word_1_275' title='bbox 600 3824 694 3891; x_wconf 86' lang='lat' dir='ltr'><strong>intorp.</strong></span> <span class='ocrx_word' id='word_1_276' title='bbox 709 3839 727 3872; x_wconf 80' lang='lat' dir='ltr'><strong>a</strong></span> <span class='ocrx_word' id='word_1_277' title='bbox 739 3823 798 3874; x_wconf 83' lang='lat' dir='ltr'><strong>All.</strong></span> <span class='ocrx_word' id='word_1_278' title='bbox 814 3821 909 3885; x_wconf 64' lang='lat' dir='ltr'><strong>Lugii„</strong></span> <span class='ocrx_word' id='word_1_279' title='bbox 926 3821 994 3886; x_wconf 79' lang='lat' dir='ltr'><strong>quoti</strong></span> <span class='ocrx_word' id='word_1_280' title='bbox 1007 3835 1056 3870; x_wconf 87' lang='lat' dir='ltr'><strong>non</strong></span> <span class='ocrx_word' id='word_1_281' title='bbox 1071 3819 1199 3888; x_wconf 83' lang='lat' dir='ltr'><strong>displicet.</strong></span> 
     </span>
     <span class='ocr_line' id='line_1_41' title="bbox 120 3891 653 3958; baseline 0.002 -17"><span class='ocrx_word' id='word_1_282' title='bbox 120 3891 163 3943; x_wconf 79' lang='lat' dir='ltr'><strong>ol.</strong></span> <span class='ocrx_word' id='word_1_283' title='bbox 183 3891 336 3958; x_wconf 77' lang='lat' dir='ltr'><strong>Iunctaque</strong></span> <span class='ocrx_word' id='word_1_284' title='bbox 348 3892 506 3943; x_wconf 69' lang='lat' dir='ltr'><strong>arridetur</strong></span> <span class='ocrx_word' id='word_1_285' title='bbox 517 3905 575 3944; x_wconf 82' lang='lat' dir='ltr'><strong>csso</strong></span> <span class='ocrx_word' id='word_1_286' title='bbox 588 3892 614 3942; x_wconf 89' lang='lat' dir='ltr'><strong>in</strong></span> <span class='ocrx_word' id='word_1_287' title='bbox 628 3907 653 3943; x_wconf 91' lang='lat' dir='ltr'><strong>o.</strong></span> 
     </span>
    </p>
   </div>
   <div class='ocr_carea' id='block_1_6' title="bbox 116 4027 1257 4371">
    <p class='ocr_par' dir='ltr' id='par_1_13' title="bbox 116 4027 1257 4371">
     <span class='ocr_line' id='line_1_42' title="bbox 122 4027 1255 4093; baseline -0.002 -15"><span class='ocrx_word' id='word_1_288' title='bbox 122 4027 301 4093; x_wconf 76' lang='lat' dir='ltr'><strong>132dapo&#39;bus</strong></span> <span class='ocrx_word' id='word_1_289' title='bbox 316 4043 424 4079; x_wconf 72' lang='lat' dir='ltr'><strong>meatus</strong></span> <span class='ocrx_word' id='word_1_290' title='bbox 437 4030 572 4080; x_wconf 78' lang='lat' dir='ltr'><strong>onerabat</strong></span> <span class='ocrx_word' id='word_1_291' title='bbox 586 4032 670 4080; x_wconf 70' lang='lat' dir='ltr'><strong>inuu-</strong></span> <span class='ocrx_word' id='word_1_292' title='bbox 712 4028 768 4091; x_wconf 81' lang='lat' dir='ltr'><strong>„sit</strong></span> <span class='ocrx_word' id='word_1_293' title='bbox 785 4027 918 4092; x_wconf 79' lang='lat' dir='ltr'><strong>adbibita,</strong></span> <span class='ocrx_word' id='word_1_294' title='bbox 940 4034 970 4077; x_wconf 83' lang='lat' dir='ltr'><strong>ut</strong></span> <span class='ocrx_word' id='word_1_295' title='bbox 989 4027 1024 4078; x_wconf 81' lang='lat' dir='ltr'><strong>ait</strong></span> <span class='ocrx_word' id='word_1_296' title='bbox 1047 4041 1185 4093; x_wconf 80' lang='lat' dir='ltr'><strong>praesens:</strong></span> <span class='ocrx_word' id='word_1_297' title='bbox 1210 4041 1255 4092; x_wconf 90' lang='lat' dir='ltr'><strong>pro</strong></span> 
     </span>
     <span class='ocr_line' id='line_1_43' title="bbox 117 4095 1256 4163; baseline -0.004 -15"><span class='ocrx_word' id='word_1_298' title='bbox 117 4101 192 4161; x_wconf 77' lang='lat' dir='ltr'><strong>plis,</strong></span> <span class='ocrx_word' id='word_1_299' title='bbox 208 4095 413 4163; x_wconf 65' lang='lat' dir='ltr'><strong>aucupanti,</strong></span> <span class='ocrx_word' id='word_1_300' title='bbox 427 4098 460 4150; x_wconf 85' lang='grc'><strong>48</strong></span> <span class='ocrx_word' id='word_1_301' title='bbox 480 4097 569 4163; x_wconf 76' lang='lat' dir='ltr'><strong>Dapes</strong></span> <span class='ocrx_word' id='word_1_302' title='bbox 586 4103 671 4149; x_wconf 79' lang='lat' dir='ltr'><strong>inom-</strong></span> <span class='ocrx_word' id='word_1_303' title='bbox 714 4097 800 4148; x_wconf 84' lang='lat' dir='ltr'><strong>loturo</strong></span> <span class='ocrx_word' id='word_1_304' title='bbox 821 4097 966 4163; x_wconf 84' lang='lat' dir='ltr'><strong>imperativi</strong></span> <span class='ocrx_word' id='word_1_305' title='bbox 987 4097 1042 4147; x_wconf 81' lang='lat' dir='ltr'><strong>sivo</strong></span> <span class='ocrx_word' id='word_1_306' title='bbox 1064 4095 1188 4162; x_wconf 81' lang='lat' dir='ltr'><strong>optativi,</strong></span> <span class='ocrx_word' id='word_1_307' title='bbox 1214 4096 1256 4145; x_wconf 85' lang='lat' dir='ltr'><strong>vel</strong></span> 
     </span>
     <span class='ocr_line' id='line_1_44' title="bbox 116 4164 1256 4232; baseline -0.003 -15"><span class='ocrx_word' id='word_1_308' title='bbox 116 4171 325 4232; x_wconf 74' lang='lat' dir='ltr'><strong>paosapparor.</strong></span> <span class='ocrx_word' id='word_1_309' title='bbox 711 4181 756 4232; x_wconf 86' lang='lat' dir='ltr'><strong>pro</strong></span> <span class='ocrx_word' id='word_1_310' title='bbox 780 4167 864 4218; x_wconf 87' lang='lat' dir='ltr'><strong>oril.“</strong></span> <span class='ocrx_word' id='word_1_311' title='bbox 896 4164 1028 4216; x_wconf 82' lang='lat' dir='ltr'><strong>Gisclinno</strong></span> <span class='ocrx_word' id='word_1_312' title='bbox 1051 4165 1155 4214; x_wconf 78' lang='lat' dir='ltr'><strong>violetur</strong></span> <span class='ocrx_word' id='word_1_313' title='bbox 1179 4164 1256 4214; x_wconf 84' lang='lat' dir='ltr'><strong>intel·</strong></span> 
     </span>
     <span class='ocr_line' id='line_1_45' title="bbox 173 4232 1252 4302; baseline -0.002 -16"><span class='ocrx_word' id='word_1_314' title='bbox 173 4234 217 4286; x_wconf 88' lang='grc'><strong>78.</strong></span> <span class='ocrx_word' id='word_1_315' title='bbox 229 4233 339 4302; x_wconf 73' lang='lat' dir='ltr'><strong>serum]</strong></span> <span class='ocrx_word' id='word_1_316' title='bbox 353 4235 372 4286; x_wconf 88' lang='lat' dir='ltr'><strong>l.</strong></span> <span class='ocrx_word' id='word_1_317' title='bbox 388 4234 455 4288; x_wconf 76' lang='lat' dir='ltr'><strong>Patr.</strong></span> <span class='ocrx_word' id='word_1_318' title='bbox 470 4237 496 4300; x_wconf 78' lang='lat'><strong>5,</strong></span> <span class='ocrx_word' id='word_1_319' title='bbox 511 4236 536 4286; x_wconf 89' lang='grc'><strong>8.</strong></span> <span class='ocrx_word' id='word_1_320' title='bbox 712 4235 823 4286; x_wconf 79' lang='lat' dir='ltr'><strong>luxisse:</strong></span> <span class='ocrx_word' id='word_1_321' title='bbox 862 4234 968 4298; x_wconf 85' lang='lat' dir='ltr'><strong>„crevit</strong></span> <span class='ocrx_word' id='word_1_322' title='bbox 996 4233 1059 4284; x_wconf 76' lang='lat' dir='ltr'><strong>iidoc</strong></span> <span class='ocrx_word' id='word_1_323' title='bbox 1089 4232 1252 4298; x_wconf 85' lang='lat' dir='ltr'><strong>suppliciis“.</strong></span> 
     </span>
     <span class='ocr_line' id='line_1_46' title="bbox 172 4301 1257 4371; baseline -0.002 -15"><span class='ocrx_word' id='word_1_324' title='bbox 172 4305 219 4356; x_wconf 80' lang='grc'><strong>84.</strong></span> <span class='ocrx_word' id='word_1_325' title='bbox 236 4301 324 4370; x_wconf 71' lang='lat' dir='ltr'><strong>fidos]</strong></span> <span class='ocrx_word' id='word_1_326' title='bbox 354 4303 433 4356; x_wconf 83' lang='lat' dir='ltr'><strong>Nebr.</strong></span> <span class='ocrx_word' id='word_1_327' title='bbox 464 4305 664 4371; x_wconf 80' lang='lat' dir='ltr'><strong>interpretatura</strong></span> <span class='ocrx_word' id='word_1_328' title='bbox 710 4304 816 4356; x_wconf 80' lang='lat' dir='ltr'><strong>Clam:</strong></span> <span class='ocrx_word' id='word_1_329' title='bbox 846 4303 944 4370; x_wconf 79' lang='lat' dir='ltr'><strong>„Fides</strong></span> <span class='ocrx_word' id='word_1_330' title='bbox 957 4302 1056 4354; x_wconf 74' lang='lat' dir='ltr'><strong>obiectu</strong></span> <span class='ocrx_word' id='word_1_331' title='bbox 1071 4309 1113 4352; x_wconf 85' lang='lat' dir='ltr'><strong>osi</strong></span> <span class='ocrx_word' id='word_1_332' title='bbox 1124 4302 1257 4368; x_wconf 77' lang='lat' dir='ltr'><strong>suppliciis</strong></span> 
     </span>
    </p>
   </div>
   <div class='ocr_carea' id='block_1_7' title="bbox 0 0 1528 4830">
    <p class='ocr_par' dir='ltr' id='par_1_14' title="bbox 0 0 1528 4830">
     <span class='ocr_line' id='line_1_47' title="bbox 0 0 1528 4830; baseline 0 0"><span class='ocrx_word' id='word_1_333' title='bbox 0 0 1528 4830; x_wconf 95' lang='lat' dir='ltr'><strong> </strong></span> 
     </span>
    </p>
   </div>
  </div>
 </body>
</html>
