3016 4832
639 317 715 370 nuli.
729 315 910 371 Pnunuiirn
919 308 1027 368 'etum

444 523 602 586 „persona
620 523 760 585 quaeque
776 510 976 583 conpetenter
991 505 1137 581 plectitur

444 605 638 680 „magnique
653 604 761 680 retent,
781 601 863 679 vilis,
882 616 921 661 an
938 600 981 661 stt
996 601 1126 662 nobilis:

444 704 570 779 „gradu
585 716 710 764 reorum
726 701 825 761 turma
840 697 1004 759 tormentis
1019 697 1150 758 datur.“

526 795 676 861 Pulsatus
692 813 767 874 ergo
783 799 905 870 martyr
918 795 972 856 ilia
987 793 1148 870 grandine,

441 901 604 972 postquam
619 897 703 956 inter
717 897 799 956 ietus
815 894 895 965 dinit
909 893 1058 969 hymnum
1075 892 1245 974 plumbeae,

441 996 565 1054 erectus
580 993 666 1053 iniit:
688 990 817 1068 „Absit
836 993 872 1050 ut
888 1005 936 1050 me
951 989 1083 1050 nobilem
1116 1005 1117 1010 ¹

443 1087 600 1162 „sangnis
611 1089 778 1162 parentum
794 1087 932 1160 praestet
947 1088 1002 1146 aut
1017 1083 1067 1143 lex
1084 1084 1205 1154 euriae:

443 1193 622 1256 „generosa
639 1175 758 1242 Christi
774 1183 857 1240 secta
875 1179 1019 1262 nobilitat
1033 1178 1128 1242 uiros.

529 1270 604 1351 „St
622 1275 721 1349 prima
738 1275 855 1336 nastris
871 1287 951 1348 quae
966 1273 1008 1334 sit
1021 1272 1220 1334 incunabulis

369 1355 371 1362 ’
412 1450 414 1454 ¹
442 1369 569 1445 „erige
588 1372 678 1430 textu
695 1368 868 1430 stemmatis
883 1381 1059 1443 recenseas

442 1461 527 1541 „Dei
542 1464 681 1541 parentis
697 1477 766 1524 esse
782 1464 820 1524 at
835 1477 890 1524 ere
905 1464 1074 1543 coepimus.

442 1555 530 1637 „Cui
547 1559 678 1635 quisque
695 1560 803 1636 servit,
821 1559 874 1622 ilie
888 1573 963 1620 vere
978 1562 1027 1620 est
1041 1557 1170 1620 nobilis:

444 1651 559 1732 „Patri
574 1655 710 1730 rebellis,
728 1657 887 1717 invenitur
903 1657 1046 1732 degener.
1070 1651 1073 1656 '

528 1748 663 1826 „Honos
679 1750 789 1812 deinde
804 1751 959 1811 stemmati
975 1748 1094 1810 aceedit
1109 1761 1209 1810 novus

443 1850 500 1924 „et
515 1846 660 1922 splendor
674 1847 786 1922 ingens
803 1851 838 1907 ιιι
853 1846 1056 1922 magistratus
1072 1845 1168 1921 venit,

391 1935 394 1940 '
441 1941 495 2016 „si
512 1939 676 2001 eeniitendi
693 1941 826 2001 numinis
842 1943 954 2000 testem
969 1940 1098 2014 prauum
1184 1951 1187 1958 ’

268 2109 269 2114 ¹
330 2038 331 2044 ’
429 2032 598 2108 ·,‚signent
613 2035 717 2096 inusta
736 2035 809 2096 ierri
826 2039 857 2095 et
872 2035 956 2110 ignis
971 2034 1101 2095 vulnera

338 2140 341 2146 ·
443 2132 503 2202 „et
518 2129 581 2191 vim
596 2130 742 2191 dolorum.
754 2145 837 2192 mors
853 2135 1002 2212 sequatur
1016 2130 1135 2190 inclita.

528 2218 641 2300 „Cave
658 2226 810 2301 benignus
826 2240 896 2286 esse
911 2221 1056 2300 perverse
1071 2223 1161 2299 veiis,

442 2335 526 2402 „nec
541 2321 583 2380 mi
599 2321 749 2382 remissus
765 2322 877 2383 leniter
891 2321 1083 2398 peperceris:

440 2404 610 2492 „incumbe
626 2417 784 2492 membris,
803 2421 913 2493 tortor,
932 2421 965 2478 ut
980 2417 1039 2478 sim
1055 2415 1185 2478 nolitis:

331 2529 334 2590 j
366 2529 368 2532 ·
441 2512 517 2588 „liis
533 2513 699 2588 ampliatus
716 2515 742 2574 si
759 2513 847 2575 iruar
863 2513 1073 2590 successibus

441 2617 568 2684 „genus
583 2609 682 2684 patris
698 2609 868 2685 matrisque
883 2608 970 2670 ileeei
986 2610 1100 2673 iecere.

429 2706 432 2711 '
530 2700 642 2780 ‚'‚liaee
657 2703 725 2778 ipsa
741 2704 847 2763 vestra
863 2702 1047 2778 dignitatum
1064 2701 1199 2762 eulmina

441 2799 542 2876 „quid
558 2813 628 2860 esse
644 2798 774 2860 censesi
789 2812 893 2859 nenne
907 2798 1023 2860 cursim
1039 2798 1204 2860 transeunt

384 2970 387 2976 ¹
410 2930 412 2934 -
442 2892 583 2970 „testes
602 2905 741 2968 secures,
759 2892 846 2968 sella,
864 2896 1045 2968 praetextae
1060 2894 1162 2968 togae,

345 3047 401 3096 124.
424 3032 676 3098 Curiaeoni.nrev.
761 3049 818 3099 125.
837 3011 960 3114 septau3
979 3050 1067 3098 uirum
1081 3045 1152 3097 Leti.
1237 3045 1296 3096 126.
1311 3049 1405 3096 nestra·

274 3114 360 3165 Ambr.
378 3115 466 3166 Perrh.
482 3115 570 3166 Helas.
591 3116 680 3166 ciem.
696 3117 780 3177 Call,
800 3132 867 3182 quae
885 3119 1038 3166 sa'tnoetre'e
1053 3115 1094 3166 W.
1201 3115 1260 3164 128.
1283 3117 1403 3181 cepimus
1504 3163 1505 3172 ,

274 3199 307 3234 m.
386 3185 443 3236 129.
463 3186 671 3251 quisqaielaoti.
687 3184 775 3237 Perrh.
853 3186 1082 3250 taruanorep.
1109 3211 1112 3218 ·
1156 3183 1215 3234 133.
1242 3184 1329 3234 Sion.

308 3253 365 3305 135.
380 3255 474 3306 Finem
487 3253 544 3305 uae.
555 3255 613 3318 ban,
627 3256 651 3304 in
664 3258 710 3305 hoe
724 3257 755 3304 ad
766 3271 835 3306 eram
848 3255 910 3306 tiit
920 3259 977 3304 uim
985 3293 993 3317 ‚
1009 3255 1047 3305 Et
1056 3252 1203 3318 indePrag.
1279 3253 1339 3304 136.
1352 3268 1404 3318 per

271 3338 299 3372 ee
312 3324 348 3387 A,
364 3339 489 3389 perverse
502 3330 535 3374 ud
547 3314 616 3374 uelis
627 3323 694 3374 Veli.
710 3323 802 3386 Faba,
822 3324 1003 3389 perversitatis
1024 3323 1041 3372 B
1057 3322 1078 3372 Η
1091 3322 1125 3374 W
1138 3326 1274 3389 (peruerse
1286 3321 1354 3372 velis
1368 3323 1401 3371 etl

272 3393 355 3460 aram)
369 3392 427 3443 nat.
442 3393 457 3443 b
472 3409 493 3443 m
507 3409 594 3458 rnerge
607 3394 682 3443 trium
698 3393 767 3445 sien.
783 3393 879 3445 Waltz.
969 3389 972 3394 '
1004 3392 1061 3442 137.
1072 3396 1150 3442 ⁴mire
1162 3395 1264 3441 me‘seaa
1286 3406 1310 3456 p.

317 3461 374 3511 138.
395 3465 451 3512 iam
465 3468 553 3513 tannen
567 3479 643 3528 supra
655 3467 709 3512 iam
724 3469 779 3513 lum
793 3463 834 3512 vei
847 3466 903 3513 iam
915 3477 974 3516 sum
988 3460 1084 3524 Prag„
1104 3464 1159 3510 iam
1173 3466 1231 3510 tem
1245 3475 1325 3524 supra
1345 3458 1405 3510 lae

270 3533 320 3579 eim
335 3530 350 3579 h
364 3547 405 3580 m,¹
424 3537 427 3546 ’
492 3533 549 3582 140.
563 3533 736 3598 flaeer'seaeeu
749 3549 765 3581 u
778 3532 837 3582 did.¹
850 3531 930 3596 Lugd.
946 3530 1080 3580 stammas
1093 3527 1169 3580 Febr.
1185 3528 1263 3579 Cher.
1280 3527 1367 3578 Poett.

282 3597 287 3608 ‘
353 3601 410 3650 143.
430 3601 514 3650 sellae
527 3599 601 3665 Prag.
617 3599 675 3650 Rei.
691 3617 713 3650 m
727 3617 742 3666 q
759 3600 891 3651 Statirae
904 3600 998 3652 Weitz.
1020 3598 1097 3650 Char.
1118 3599 1201 3649 Poett.
1218 3599 1316 3648 Anasta.
1331 3597 1400 3647 Olab.

271 3681 358 3732 parum
373 3674 452 3732 reete,
473 3670 597 3736 siquidem
611 3677 716 3735 quartus
730 3686 775 3736 pes
793 3669 919 3736 spondeus
939 3685 994 3719 esse
1014 3669 1115 3733 nequit3
1138 3673 1306 3734 praetextae
1319 3671 1404 3731 togae

271 3737 291 3784 Α
307 3733 418 3787 RLaur.
438 3756 455 3786 a
468 3753 483 3788 ιι
495 3755 519 3800 m
532 3756 546 3805 p
559 3755 574 3804 q
588 3758 603 3789 u
624 3740 660 3801 (iri
681 3739 728 3788 hoe
746 3740 845 3805 quidem
862 3745 1039 3806 praetexatae:
1061 3743 1152 3806 togae)
1173 3738 1244 3787 Leti.
1265 3736 1403 3786 Sicuti-ee

272 3803 341 3867 (liele
359 3812 535 3872 praetextae,
557 3813 647 3873 lagae)
668 3807 766 3858 Weitz.
786 3809 862 3858 Cher.
883 3808 965 3858 Paeti.
987 3807 1173 3870 (praetextae,
1194 3808 1288 3872 togae)
1302 3808 1400 3856 Amstr.

270 3889 332 3923 eum·
346 3875 433 3926 eadem
453 3879 566 3928 distinet.
585 3879 661 3940 Arev.
684 3876 765 3938 oum,
780 3883 943 3943 praetecum,
964 3881 1044 3940 togae
1057 3874 1078 3925 0
1092 3876 1107 3925 h
1121 3876 1178 3927 nli.
1193 3875 1294 3940 Lngd„
1316 3889 1404 3940 prae-

271 3946 374 4008 laetae,
392 3953 457 4010 laga
478 3945 579 3996 ilVail.
598 3945 675 3998 Febr.
691 3945 762 4008 Gis,
780 3950 927 4012 praetexta
946 3952 973 3995 et
987 3951 1066 4010 togae
1078 3946 1165 3997 Ambe.
1188 3943 1297 4009 Parnm,
1317 3947 1404 4010 prae-

271 4017 349 4064 taeta
362 4020 390 4064 et
402 4021 468 4080 toga
481 4015 547 4064 coni.
564 4022 590 4066 et
602 4017 659 4066 edd.
675 4017 761 4066 Heius.
778 4015 867 4067 Ciam.
882 4015 948 4066 Call.

270 4147 418 4202 Christiana
456 4159 624 4202 asservantur
656 4154 809 4218 plumbatae,
853 4153 1032 4218 litatum.
1050 4155 1146 4212 Bauli..
1167 4150 1240 4216 Virg.
1262 4151 1326 4201 Aee.
1352 4149 1400 4210 ΙΧ,

268 4222 395 4271 catenulis
426 4221 517 4271 terreis
542 4222 647 4284 glandes
675 4224 811 4288 eolligatas
853 4223 914 4275 588.

270 4289 373 4339 habent.
393 4288 448 4339 Cir.
464 4289 559 4341 Zosim.
569 4289 600 4354 V,
610 4290 635 4354 2,
645 4291 670 4353 7,
686 4291 734 4342 0v.
747 4291 808 4343 Meta
852 4292 964 4412 buliisli.
984 4289 1130 4402 grandine]
1144 4289 1331 4376 plumbatae-nan
1344 4287 1401 4350 gie
