2994 4826
462 317 596 372 CONTRA
609 317 779 374 subluere.
800 321 832 374 li.

171 505 349 582 quadrupes
365 506 513 569 abiuncto
528 512 577 570 est
592 509 704 588 bipedi,
717 499 771 573 'vel
788 511 872 573 rnutu
889 511 1041 591 loquenti,

170 606 322 677 quanturn
338 603 445 680 etiern,
463 605 517 680 qui
532 605 593 665 rite
608 603 665 667 Del
681 611 846 684 praecepte
862 615 1039 685 sequuntur

169 698 305 760 cultibus
321 713 339 760 e
355 700 478 762 stolidis
494 704 526 762 et
541 715 648 762 eorum
664 703 824 766 erroribus
840 705 965 766 absunt.

233 789 305 854 Non
322 792 399 854 lectt
414 808 490 870 ergo
506 808 598 869 pares
613 795 645 856 in
664 795 829 873 relligione
842 799 975 860 tenende

1041 659 1050 690 1

170 889 255 950 ocris
272 893 304 950 et
318 891 397 952 oeeli
413 892 597 953 conniunio:
623 906 751 968 corpora
768 897 888 956 tanturn

168 985 285 1060 gignit,
304 986 371 1064 ulli,
390 991 516 1064 reparet
530 987 730 1066 recidivaque
746 989 865 1050 semine
881 995 997 1052 servat.

167 1077 239 1141 Nec
254 1081 362 1159 relert,
381 1084 472 1144 cuius
486 1084 612 1160 generis
628 1085 758 1147 cuiusve
774 1087 894 1163 liguros

168 1181 225 1238 uui
240 1178 331 1240 ouius
347 1181 465 1242 meriti:
491 1181 581 1242 modo
597 1182 672 1256 sint,
691 1185 728 1243 ut
742 1197 871 1259 corpore
888 1187 971 1244 terra

167 1276 263 1349 edite,
283 1280 418 1340 terrenis
434 1279 548 1355 quibus
564 1283 612 1341 est
627 1280 720 1356 vigor
734 1293 773 1341 ex
790 1281 969 1343 elementis:

169 1373 301 1434 artificis
317 1375 390 1450 quio
404 1371 512 1437 Putris
528 1389 607 1451 opus
623 1375 802 1438 discrimine
817 1377 904 1439 nullo

167 1467 271 1529 induit
285 1469 318 1530 ln
334 1469 480 1547 mediurn,
499 1485 556 1532 nec
572 1484 668 1531 evoro
684 1483 813 1532 munere
829 1471 940 1547 currit,
996 1523 1009 1543 „

168 1566 242 1623 onte
259 1563 364 1625 duturn
382 1579 473 1639 orion]
489 1565 609 1640 primus
625 1565 716 1626 bomo
732 1564 928 1626 sordesceret
943 1563 1056 1629 Adoni.

167 1652 238 1717 Nec
254 1655 331 1717 vitio
347 1661 491 1719 utentunr
507 1658 686 1720 restrictum
704 1658 820 1732 delicit,
838 1662 893 1719 out
907 1673 943 1720 se

168 1751 324 1814 subtrabit
339 1753 490 1831 indignlS,
509 1767 565 1814 nec
581 1754 671 1814 ioeda
687 1756 719 1814 et
734 1753 837 1828 turpia
852 1753 945 1814 vitot.

168 1845 259 1909 Haud
276 1849 368 1910 aliter
382 1848 460 1910 solls
475 1851 594 1926 rodlus,
613 1864 684 1911 eurn
700 1849 835 1910 luminat
849 1863 956 1911 omnes

169 1942 282 2004 diduso
299 1944 462 2020 splendore
478 1944 575 2022 locos,
593 1945 669 2006 ierit
684 1958 780 2006 nureo
795 1948 907 2022 tectu,

167 2039 220 2098 sed
238 2038 312 2100 ierit
327 2042 358 2099 et
373 2040 465 2114 nigro
481 2040 640 2102 sordentia
655 2040 792 2102 culmino
809 2041 911 2102 iunio:

165 2132 265 2193 intrat
279 2134 486 2195 marmoribus
503 2129 658 2209 Capitolia
674 2133 771 2210 eluro,
790 2134 843 2194 sed
859 2135 959 2196 intret

166 2229 303 2289 carceris
318 2232 350 2289 et
364 2229 460 2290 riores
476 2232 507 2290 et
521 2232 623 2290 instro
640 2228 793 2290 toramine
810 2228 910 2290 clausi

166 2321 316 2383 stercoris
331 2326 363 2384 et
378 2337 522 2399 spurcam
539 2322 690 2384 redolenti
706 2322 738 2384 ln
754 2321 874 2384 fornice
889 2321 1012 2384 cellum.

165 2411 226 2478 Sed
243 2430 305 2476 non
320 2416 397 2478 illud
415 2420 508 2478 erunt
523 2418 656 2478 obscure
672 2417 845 2493 ergastulo,
864 2418 944 2493 qnod
960 2420 1037 2478 sunt

164 2512 251 2587 regia
266 2516 424 2588 gemmulo
440 2513 600 2589 laquearia
616 2512 702 2574 iulve
718 2512 856 2574 metullo.

163 2601 286 2681 Nempe
302 2606 403 2682 magis
418 2621 480 2668 non
495 2606 572 2668 illud
589 2609 693 2684 crunt,
713 2607 765 2682 qui
782 2607 945 2668 numenio
962 2607 1050 2668 urnis
1159 2620 1162 2625 ·

165 2703 321 2774 quaerunt
336 2715 372 2761 ac
387 2699 518 2762 tunrulls
535 2704 566 2761 et
581 2700 685 2762 larvas
702 2701 855 2777 sunguine
870 2701 1011 2776 placant:
1155 2713 1206 2766 elo

162 2796 243 2872 quod
261 2800 347 2873 sunt,
365 2798 417 2872 qul
434 2811 588 2858 summurn
606 2797 685 2858 oeeli
701 2793 869 2860 Dominum
883 2800 1076 2860 venerantur

161 2889 376 2966 iustitiumque
392 2889 484 2952 litant
499 2894 532 2952 et
546 2890 696 2966 ternplum
710 2891 849 2967 pectoris
864 2895 989 2953 ornent.

144 3038 206 3088 817.
226 3035 414 3102 Quadrrrpu'des
429 3036 521 3100 bipedi
532 3038 691 3098 abiunctae,
713 3042 837 3087 mutusne
857 3037 1011 3101 (rnutueque
1024 3036 1045 3087 11
1058 3053 1099 3101 ap.
1116 3038 1204 3090 Heius.

70 3107 105 3164 0)
121 3107 249 3170 loquente*
265 3107 284 3154 Α
300 3104 319 3154 lt
333 3106 386 3171 (up.
402 3103 512 3170 Weitu.)
533 3105 553 3155 0
568 3121 583 3155 n
602 3105 658 3155 tid.
681 3105 762 3171 bugd.
784 3104 854 3156 Siolr.
867 3114 919 3156 tres
936 3103 1014 3157 Febr.
1028 3106 1105 3158 Cher.
1121 3107 1203 3159 Poett.

70 3175 111 3240 (1ιί
126 3174 230 3240 quidem
249 3173 313 3225 libe.
335 3173 409 3240 impr.
434 3174 639 3240 Quadrupedes)
662 3172 746 3238 0bb.,
766 3177 901 3225 Adiuncto
914 3180 956 3225 est
968 3177 1124 3241 quadrupes
1145 3177 1203 3228 llud.

68 3242 181 3310 priorib.
196 3258 277 3306 eree,
298 3243 456 3310 Quadrupes
469 3245 612 3294 adiunctae
623 3243 685 3306 (lule
696 3244 852 3295 attrectas
868 3263 895 3288 =
911 3245 1038 3294 abiuneta
1052 3245 1104 3308 est)
1118 3244 1208 3310 bipede·

67 3314 114 3363 oet
132 3318 214 3364 mutu
232 3314 358 3376 loquenti
370 3329 403 3368 o,
429 3312 561 3363 adiuncta
581 3329 597 3362 o
619 3319 645 3362 et
662 3311 699 3364 sic
718 3312 773 3364 Gis.
784 3349 792 3375 ,
811 3313 856 3363 sed
877 3328 944 3362 corr.
962 3313 1099 3362 abiuneta.

124 3382 187 3432 818.
210 3381 324 3432 Taurum
344 3398 360 3431 n
374 3379 474 3431 Weitz.
598 3381 658 3432 810.
678 3381 734 3432 Nos
748 3398 778 3445 e;
799 3381 912 3432 tenendo
927 3379 961 3430 W
973 3381 1016 3442 (nd
1031 3381 1113 3445 oram)
1127 3398 1145 3430 α
1158 3395 1173 3431 u
1186 3398 1202 3430 o

66 3452 129 3502 Ald.
147 3449 228 3512 Lugd.
245 3449 378 3500 Sirbtres
391 3449 466 3500 Febr.
483 3449 538 3501 Gis.
559 3449 654 3514 Grung.
670 3449 747 3503 Cbor.
768 3451 853 3502 Poett.
868 3451 963 3500 Anistr.
978 3449 1076 3514 drevz,
1102 3449 1203 3500 tuenda

67 3522 89 3570 Α
105 3519 125 3570 E
140 3517 165 3569 0
179 3517 200 3568 li
215 3518 271 3570 flul.
288 3517 385 3570 Wellz.
402 3519 491 3570 Helos.
506 3519 568 3570 dell.
585 3520 648 3570 Ans.
663 3519 729 3571 obl.
835 3519 893 3570 822.
915 3518 1084 3583 redivivaque
1103 3517 1136 3568 W
1150 3521 1204 3582 (eu-

65 3603 116 3655 pra
129 3589 194 3652 eli.)
208 3587 266 3639 iter.
278 3586 354 3638 Febr.
370 3586 426 3638 Gis.
439 3586 492 3639 Gir.
509 3589 563 3639 ind.
582 3589 642 3639 Luc.
657 3604 681 3654 p.
691 3589 752 3652 474,
766 3588 935 3654 reductaeque
947 3603 974 3638 ιι.
1056 3587 1117 3638 829.
1131 3591 1204 3639 uitio

65 3664 185 3708 uentrem
198 3663 280 3708 restr.
302 3673 337 3724 n3
356 3673 388 3706 ae
399 3674 428 3707 ee
445 3673 472 3706 u.
589 3659 648 3709 sub.
668 3663 721 3708 aut
732 3661 824 3721 turpia
838 3659 915 3708 Areu.
933 3656 1028 3721 absque
1047 3657 1100 3707 uilo
1114 3657 1205 3723 opinor

66 3727 145 3776 codd.
163 3725 319 3776 auctoritate
332 3731 372 3790 (el
385 3730 476 3793 turpia
491 3725 569 3776 Leon.
583 3743 601 3775 u
614 3741 629 3776 a
642 3727 686 3790 u);
706 3733 783 3777 vetut
794 3726 825 3776 Α.
866 3751 871 3760 ·
931 3726 991 3776 831.
1012 3742 1071 3776 cum
1086 3725 1204 3778 luminat

63 3796 87 3846 Α
101 3793 124 3845 ll
137 3795 181 3845 ue
193 3809 208 3844 s
222 3795 279 3844 did.
294 3794 375 3857 tngo.
390 3795 461 3846 Sicb.
471 3803 524 3845 tres
538 3793 634 3858 Greng.
649 3794 724 3845 Clior.
740 3793 822 3846 Posti.
833 3794 927 3844 Arnstr.
943 3794 1019 3858 dub,
1033 3796 1205 3847 coulumiuat

67 3866 140 3914 lou
157 3861 213 3914 Gir.
225 3862 323 3915 Woilz.
340 3863 427 3916 Helos.
444 3863 509 3915 Cell.
524 3869 586 3914 Ans.
600 3865 690 3928 Areu,
705 3881 762 3914 cum
777 3863 915 3914 illuminat
929 3863 1006 3914 Febr.
1078 3865 1137 3916 834.
1154 3865 1203 3916 Cu·

60 3932 156 4000 pilots'
168 3938 201 3982 ut
215 3932 276 3983 loru
296 3947 320 3983 e.
444 3933 503 3984 836.
530 3933 666 3983 redolente·
677 3937 705 3982 iu
725 3935 744 3983 Α
758 3935 808 3998 (ep.
825 3931 902 3990 dub.)
921 3933 1035 3998 potiores
1056 3948 1097 3998 ap.
1113 3932 1201 3985 uetus.

66 4003 153 4053 Ιιιιιι.
168 4017 184 4049 ιι
199 4000 254 4052 Gis.
269 4001 300 4050 ad
314 4015 384 4052 orem
399 4001 485 4052 Helos.
501 4000 567 4052 cell.
583 4004 644 4052 Ans.
661 4000 744 4066 otu,
763 4003 887 4053 redoleat
898 4006 928 4051 irs
947 4004 966 4052 ll
981 4008 1128 4062 (deserente
1140 4003 1200 4051 rnlbi

65 4069 156 4138 leepio
169 4076 258 4120 contre
273 4069 425 4132 Obbarluni)
439 4068 459 4120 Ε
473 4087 490 4120 α
504 4071 563 4120 lid.
579 4070 661 4134 Lugd.
675 4070 808 4122 Sieb·.tros
821 4071 862 4121 ed.
874 4069 963 4121 Coloe.
980 4071 1055 4133 1701,
1071 4069 1203 4121 redolenti

64 4153 119 4189 orn.
138 4141 168 4188 r'u
187 4137 247 4188 Rei.
263 4153 275 4187 o
293 4137 369 4190 Febr.
391 4139 445 4190 Gis.
460 4137 558 4190 Woilz.
582 4138 679 4204 Grung.
701 4138 777 4191 Cher.
797 4139 881 4192 Poett.
902 4142 997 4191 Amstr.
1018 4140 1095 4189 Areu.

138 4206 199 4258 841.
221 4207 292 4274 Quot
310 4209 368 4259 lid.
384 4208 466 4273 Lugd.
482 4207 550 4260 Sicb.
561 4216 612 4260 tres
632 4209 709 4260 Cbor.
726 4208 808 4261 Poett.
831 4211 889 4274 (noo
905 4210 991 4273 bat.);
1011 4211 1060 4273 qui
1077 4207 1143 4257 celsi
1154 4207 1201 4257 do-

62 4280 173 4328 miuum
186 4283 354 4330 uenerantur·
366 4279 470 4348 olympo?
483 4277 551 4344 flat,
566 4293 637 4329 voce.
652 4279 720 4330 cetea*
728 4280 867 4330 domiuum
881 4293 948 4329 mun.
961 4293 1012 4328 rec.
1083 4276 1143 4327 842.
1159 4276 1201 4326 Iu·

62 4349 233 4414 ultricemque
248 4347 295 4398 iu.
