3046 4830
485 263 752 317 caunumuntnnm
770 265 839 318 vttt.

318 448 378 512 Est
393 449 505 526 qulppe
520 453 553 511 at
566 451 642 512 lllud
659 451 778 527 gmnue
792 452 923 514 virtutis
937 462 1039 528 genus

274 545 397 621 operire
411 543 529 619 nudes,
547 543 718 620 indigentis
734 559 875 620 passere,

274 652 364 713 opem
380 635 544 711 benignam
563 638 647 698 ferre
662 635 922 712 supplicantibus,

275 746 368 793 unam
383 745 552 807 paremque
567 733 664 794 sartis
681 734 834 794 humanae
849 733 950 793 vinem

274 825 355 886 inter
370 827 512 898 potentes
528 829 622 900 atque
638 841 754 900 egenus
771 827 896 890 ducere.

319 915 403 979 Satis
419 920 528 979 inatus
544 920 676 995 quisque
691 921 832 980 dextrum
849 921 993 997 porrigit,

272 1011 375 1072 laudis
390 1025 545 1088 rapacem,
571 1013 729 1088 prodigam
746 1013 908 1089 peeunlae,

274 1106 365 1166 cutus
382 1104 511 1165 sinistra
528 1106 617 1167 tulee
633 1107 749 1168 laetum
767 1107 903 1168 neseiat:

274 1199 362 1260 illum
379 1214 531 1275 perennes
546 1193 689 1277 protinus
706 1204 852 1278 conplent
867 1217 954 1279 apes,

180 1364 183 1369 ¹
273 1296 412 1370 ditatque
427 1295 550 1356 fruetus
566 1296 779 1386 faenerantem
796 1298 975 1373 centuplex.

408 1496 477 1548 Vlll.
510 1497 648 1584 H'YMNUS
667 1497 753 1552 POST
768 1500 932 1554 tertullum.
977 1555 982 1563 ,

358 1637 485 1704 Christe
499 1657 663 1706 servorum
680 1644 821 1719 reglmen
837 1649 974 1723 tuarum,

357 1739 502 1800 mollitus
516 1738 571 1814 'qul
587 1736 645 1800 nas
660 1740 826 1800 maumans
841 1741 970 1804 habenis

357 1833 471 1894 leniter
486 1834 592 1893 irenes
608 1833 754 1908 facilique
769 1838 875 1909 septus

520 1923 591 2000 lege
607 1939 750 1986 enerues:

173 2078 234 2128 212.
255 2077 403 2142 inda'gente'a
425 2081 478 2142 ln,
497 2079 648 2144 indigentes
666 2078 752 2129 nsua
766 2079 807 2128 2ν
825 2086 851 2130 et
873 2079 953 2146 requ.
974 2079 1054 2129 n‘ostri
1074 2080 1161 2145 seripti
1179 2095 1234 2130 curn

105 2149 162 2198 edd.
179 2147 244 2212 [Cir.
260 2146 327 2198 Gell.
342 2144 416 2197 Naet.
432 2145 512 2197 Attin.
528 2147 602 2210 xltl,
617 2145 673 2214 20].
815 2147 874 2199 uta.
892 2151 1055 2215 partemque
1069 2149 1078 2197 l
1092 2165 1109 2197 n
1123 2164 1146 2198 a.

138 2217 197 2266 216.
219 2219 342 2280 quisquis
355 2215 410 2266 Gis.
422 2234 429 2279 ς
446 2219 574 2281 porriget
589 2217 645 2266 tt:

173 2351 309 2416 inscriptio
322 2352 380 2402 eod.
393 2350 409 2401 lt
422 2352 535 2402 evannit.
551 2353 578 2403 3.
592 2349 702 2434 Leviter
714 2351 790 2416 Prag.
805 2353 916 2414 glossam
930 2356 1006 2418 sapit.

103 2493 190 2539 satiet
198 2492 319 2538 animam
328 2504 416 2551 saum,
430 2494 458 2538 et
465 2505 518 2554 pra
530 2495 557 2540 te
568 2489 650 2540 adeat
691 2489 829 2554 (maguum)
840 2488 963 2539 ieiunium
975 2489 1041 2538 hune
1054 2504 1152 2554 quaque
1162 2489 1234 2556 leym·

104 2559 242 2607 deminum
257 2557 335 2606 deam
353 2561 523 2607 aratieeins.
555 2557 649 2624 Siige'·
692 2574 748 2608 uum
770 2557 867 2619 ueiens,
889 2557 943 2606 sive
962 2558 994 2607 ad
1013 2558 1232 2608 hebdomadalium

103 2633 148 2677 iar
177 2629 217 2674 sie
253 2631 481 2676 consummaveris
518 2621 648 2676 ieiunium
682 2621 1233 2690 'ieiuniorumstationes‚quaeleniaquurta

103 2700 190 2756 mane,
200 2694 426 2758 quemadmodem
436 2697 646 2758 praecipiendi,
691 2702 717 2744 et
730 2701 803 2744 senta
816 2694 926 2756 fiebant,
941 2709 1003 2744 eave
1018 2710 1048 2744 ne
1061 2709 1116 2744 cum
1129 2695 1233 2760 quibus-

103 2767 157 2812 erit
169 2763 263 2813 nostia
283 2768 331 2812 tua
353 2769 465 2827 accepta
478 2762 601 2824 demina,
622 2769 651 2813 et
691 2763 748 2813 dam
761 2763 945 2828 interpretibus
964 2763 994 2812 de
1013 2763 1109 2813 ieiunia
1122 2764 1231 2828 quadra-

101 2833 239 2881 scribetur
251 2831 302 2881 dee
322 2834 453 2881 ieiunium
469 2837 554 2881 ntum.
586 2830 648 2895 Qui·
691 2832 878 2896 giutadierum
898 2831 1019 2896 accipias.
1052 2832 1232 2895 arevalopae·

102 2898 406 2964 lusaduaseneap.1:
428 2901 586 2964 dicacem,
607 2904 648 2948 in·
691 2908 733 2950 tae
756 2899 836 2950 nostri
868 2899 989 2950 ieiunium
1017 2899 1115 2949 Pascha
1140 2897 1232 2948 ieslum

102 2971 178 3032 quit,
198 2983 252 3016 nen
273 2983 328 3016 esse
345 2972 477 3018 ieiunium
490 2970 554 3031 nne,
575 2967 648 3034 quad
689 2969 845 3032 praecedens
858 2967 1025 3032 quadraginta
1045 2968 1162 3017 horarum
1176 2982 1233 3033 per·

99 3038 207 3101 putatis
221 3051 267 3084 uas
281 3039 403 3086 ieiunare
409 3056 418 3099 ,·
437 3037 486 3086 aed
498 3051 547 3100 ege
561 3042 587 3086 te
600 3037 647 3086 dn·
689 3037 796 3086 durasse
810 3037 919 3086 videtur.
942 3035 1010 3102 [Cir.
1025 3033 1135 3086 Tertull.
1151 3035 1182 3084 de
1195 3036 1232 3085 ie-

102 3105 181 3162 eeba,
201 3103 647 3170 quudse'tteiuninmplennmae·
689 3105 742 3155 iun.
764 3104 916 3168 ll,13,1t‚
944 3107 1010 3154 lren.
1031 3101 1229 3172 ap.Euselt.V‚
1301 3121 1303 3126 ’

101 3177 262 3237 ceptumque
282 3172 340 3222 dea.
371 3173 459 3235 Audi,
480 3178 586 3236 e'nqm't:
600 3173 646 3222 de·
689 3173 722 3222 24
740 3172 767 3222 al
780 3170 811 3222 di
828 3165 1033 3242 τεσσαράκοντα
1046 3166 1120 3238 ὥρας
1138 3165 1231 3239 ἡμερι-

99 3245 192 3290 ma'nus
210 3255 262 3288 nen
282 3239 419 3290 desiderat
440 3241 495 3290 lale
514 3244 644 3290 ieiunium
688 3233 739 3298 ννίς
752 3255 780 3291 τε
793 3240 840 3290 καὶ
859 3234 1020 3308 νυκτερινὰς
1040 3241 1230 3324 σνμμετροῦσι

99 3323 315 3370 supervacuum
346 3313 386 3359 sie
406 3313 476 3359 enim
501 3309 645 3359 ieiunando
689 3306 738 3372 τὴν
761 3311 891 3372 νηστείαν
913 3310 960 3370 (al.
982 3303 1102 3377 ἡμέραν)
1127 3307 1227 3358 aaran.

100 3378 172 3428 ninii
202 3383 332 3442 praestas
362 3381 509 3442 aequitati.
553 3377 645 3427 leiarm
688 3376 903 3427 viduarentur.
919 3377 936 3425 l.
953 3375 1228 3426 Clemnlamstram.

100 3451 172 3495 certe
185 3459 279 3494 aarum
292 3448 421 3495 ieiunium
436 3447 501 3496 tale.
526 3444 607 3496 Niln'l
617 3449 645 3494 in
688 3444 744 3508 vlt,
767 3445 855 3510 putu
875 3445 916 3494 ed.
937 3443 1008 3508 0x.].
1042 3441 1113 3506 Quae
1129 3443 1228 3508 quidem

99 3517 156 3562 uita
171 3517 221 3562 tua
239 3515 478 3577 neqna'iersneins;
496 3514 543 3563 sed
557 3519 646 3563 menie
688 3513 797 3574 ieiunia,
813 3513 964 3578 praesertim
979 3511 1174 3562 hebdomadalia
1188 3509 1229 3560 vel

96 3581 644 3647 puraserviliae,eustodiensmandata
688 3578 850 3631 semiieiunia
873 3581 933 3628 hora
961 3594 1025 3629 unna
1051 3578 1227 3629 solvebantur.

100 3655 174 3710 eina,
206 3654 234 3698 ut
257 3652 286 3697 a'n
303 3656 451 3714 praesepta
472 3654 530 3700 eiua
551 3653 644 3712 ¹inpm‘e-
688 3648 760 3712 [Vid.
774 3664 800 3697 v.
812 3647 838 3712 9,
853 3647 880 3696 Ρ.
892 3645 935 3710 Vt,
946 3648 988 3710 55,
1004 3647 1129 3712 Epiplau.
1140 3661 1227 3714 expos.

99 3717 198 3776 diaria,
221 3732 307 3780 neque
324 3718 468 3768 admiseris
481 3717 643 3768 desiderium
687 3717 729 3766 lid.
745 3715 795 3764 22:
814 3712 927 3782 τετράδι
939 3713 983 3776 δέ,
1002 3715 1050 3765 καὶ
1062 3713 1092 3766 ἒν
1105 3719 1230 3785 maenad-

97 3800 196 3836 naeens
215 3787 244 3834 in
260 3788 350 3834 anniane
369 3791 426 3836 tue.
457 3787 540 3838 Crede
551 3791 643 3834 antem
685 3779 761 3850 βάτῳ
775 3781 803 3833 ἓν
814 3785 929 3848 νηστείᾳ
942 3779 993 3840 ἕως
1006 3776 1080 3850 ὥρας
1092 3778 1227 3848 dardane}

97 3852 219 3914 demine,
232 3856 259 3903 ai
267 3855 451 3918 naeafeeeria,
466 3858 644 3919 timoremque
687 3851 774 3917 Neque
786 3859 868 3901 tamen
880 3851 977 3901 infitias
992 3853 1091 3916 iverim,
1107 3852 1228 3902 ieiunium

97 3926 153 3971 eine
167 3921 308 3984 naanmu,
330 3927 412 3987 alque
432 3923 595 3974 abstinueris
609 3923 643 3972 ab
686 3921 906 3985 quadragesimale
916 3921 1166 3986 quadragiutulorls
1176 3920 1230 3968 lun·

97 3993 173 4038 emna'
182 3993 294 4054 negotia
304 3990 385 4051 male,
400 3990 449 4040 dea
460 3996 487 4040 ie
497 3995 642 4039 uictarum.
686 3989 742 4052 gius
755 3990 804 4036 iam
821 3987 951 4038 Prudentii
965 3996 1077 4054 ternpore
1090 3989 1183 4053 passim
1196 3999 1228 4035 ex

99 4057 169 4106 Hace
187 4060 214 4105 si
225 4057 342 4121 seueris,
363 4059 496 4107 ieiunium
514 4072 642 4123 magnum
685 4072 733 4106 usu
746 4056 847 4121 private
860 4057 1011 4106 invaluisse.
1038 4053 1138 4106 Etenim
1152 4066 1228 4118 quae·

98 4125 301 4176 annumeratis
318 4131 512 4192 acceptamque
523 4124 640 4175 demina.
685 4124 726 4175 vis
743 4131 857 4174 veterum
871 4123 1075 4175 Christianorum
1092 4119 1227 4186 disciplina

685 4193 778 4242 sensim
790 4193 935 4258 sensimque
948 4205 980 4241 ex
989 4189 1135 4258 primordiis
1146 4187 1229 4237 erevit

147 4258 218 4310 vlu.
263 4257 322 4309 Sive
352 4259 385 4310 ad
421 4259 643 4325 quadragesimale
685 4259 1002 4325 minutialevioribusque.

166 4366 300 4412 Prudentius
313 4368 347 4410 ed.
362 4367 458 4412 Dressel.
484 4362 486 4366 ’
998 4343 1019 4404 4
