3020 4832
580 231 804 286 troruuosrs.
1199 235 1260 298 119

213 420 329 496 omnia,
348 419 472 481 iactura
486 422 553 480 est:
572 433 643 488 uam
660 418 782 480 condita
799 421 832 480 et
845 422 938 480 aucta
953 415 1114 495 probatur.
1148 415 1151 420 ’

279 509 412 590 Conllgc
428 515 465 574 de
481 513 587 589 simili,
605 515 687 575 sitne
701 513 778 574 haec
795 507 932 578 iactura:
951 515 1071 577 creavit

213 627 321 688 nempe
336 625 447 674 manus
462 608 588 672 Domini
603 625 716 686 corpus
733 610 864 671 mortale
881 609 1046 686 lutumque

213 706 378 781 conposuit
393 698 511 781 dig'itis.
535 697 697 782 Numquid
715 720 826 767 manus
841 706 1032 768 articulatim

214 805 265 862 εει
280 801 402 878 digesta
418 799 496 862 Deli
511 801 659 890 numquid
675 801 931 876 volaiuumquid
948 806 1118 876 etungues
1152 848 1156 890 5
1208 814 1258 866 aco

212 897 538 980 clauderedexiltiles,
557 897 693 972 patulam
709 912 765 960 scu
781 898 907 958 madere
922 899 1077 972 palmam?

213 997 275 1058 ista
292 996 395 1070 ligura
411 1009 522 1056 manus
538 999 664 1056 nostrae
680 998 745 1069 εει,
772 1008 864 1068 quam
880 1009 941 1056 non
959 994 1050 1054 habet
1063 995 1095 1056 iu
1112 1010 1146 1058 se

213 1085 504 1162 incircumscriptus
520 1085 684 1164 Dominus,
703 1087 756 1148 sed
774 1087 890 1162 tradita
906 1088 1004 1149 torma
1022 1092 1081 1164 est,

214 1184 358 1246 humanis
374 1197 453 1258 quac
468 1188 541 1249 uota
557 1183 773 1244 animis-daret
787 1182 998 1244 intellectum:

214 1281 250 1338 ut
265 1292 320 1353 per
336 1291 514 1352 corpoream
531 1278 664 1353 speciem
680 1277 851 1352 plasmasse
868 1277 989 1360 serulus
1208 1292 1258 1342 aas

213 1373 353 1447 corporis
369 1373 521 1448 effigiem:
540 1373 587 1434 sic
603 1376 652 1432 est
666 1372 818 1455 plasmata
833 1372 972 1434 vicissim

213 1466 290 1527 llatu
305 1467 487 1543 incorporeo
503 1480 554 1528 res
569 1465 694 1540 ilabills,
712 1466 776 1526 oris
792 1469 823 1525 ει
838 1481 908 1526 εεεε

214 1560 419 1635 sestaronus,
438 1560 541 1628 tenuis
556 1573 612 1635 per
628 1559 709 1632 quod
729 1562 909 1620 constructa
924 1559 1049 1622 refulsit

213 1654 313 1715 iorma
329 1653 450 1714 animae
466 1659 566 1729 atque
576 1654 645 1716 rudi
663 1653 776 1716 iactam
794 1668 829 1714 se
845 1667 973 1715 munere
989 1655 1099 1716 sensit.

148 1821 152 1828 ,
213 1743 247 1810 81
264 1763 326 1810 nou
342 1752 391 1809 est
407 1749 530 1811 iactura
545 1765 657 1811 manus
673 1763 746 1810 earo
764 1752 881 1823 nostra,
900 1764 958 1810 uec
973 1751 1048 1826 orls
1209 1762 1259 1813 sto

216 1845 266 1902 est
281 1841 404 1903 tactura
420 1843 535 1918 aalma,
554 1842 630 1904 llatu
646 1847 678 1904 et
692 1843 860 1918 spiramine
872 1845 985 1916 ¹coepta

213 1936 308 2010 inque
323 1935 426 1996 locum
443 1937 574 1998 deducta
590 1937 735 2012 aliquem.
753 1934 900 2011 Namque
915 1950 1017 2012 omae,
1035 1937 1116 2012 quod
1132 1938 1207 2000 liora
1258 1956 1263 1963 ’

213 2028 330 2091 natalis
346 2030 476 2106 profert,
496 2030 584 2098 loeus
595 2031 729 2105 accipit:
749 2034 781 2090 et
795 2030 884 2098 locus
901 2029 985 2090 ullus

213 2122 294 2197 quod
311 2122 454 2184 collidere
468 2127 582 2198 potest,
601 2125 756 2186 modicum
772 2127 832 2199 εει,
851 2138 908 2183 uec
924 2123 954 2182 iu
971 2123 1073 2183 omnia
1090 2123 1213 2198 desum:

212 2219 245 2302 ct
259 2216 340 2290 quod
356 2220 420 2276 tam
436 2216 590 2284 modicum
606 2221 666 2294 est,
684 2222 721 2279 ut
735 2221 821 2278 certa
838 2216 910 2276 sede
926 2215 1058 2296 locetur,
1208 2229 1258 2280 875

211 2313 273 2372 iam
286 2312 424 2372 *titulare
439 2315 551 2388 potest,
570 2316 602 2372 et
617 2313 698 2388 quod
717 2311 909 2386 titubaverit,
927 2299 1014 2371 iutra'

211 2410 359 2466 naturam
373 2401 442 2465 'vitii
459 2410 522 2466 est:
538 2406 687 2468 vitiosum
704 2407 836 2480 denique
853 2405 974 2464 tristem
1186 2485 1189 2492 Ι

212 2500 324 2561 recidit
338 2501 371 2587 iu
386 2515 535 2578 paenam3
554 2500 637 2564 Deus
651 2502 730 2579 hoc,
750 2502 823 2563 milri
840 2500 968 2576 credite,
986 2515 1050 2560 uon
1066 2504 1126 2560 εει.

202 2595 279 2658 'Aut
295 2598 322 2656 si
338 2598 484 2658 maiestas
500 2600 622 2660 auimae
639 2603 698 2674 est,
717 2598 871 2660 ostendite
887 2597 957 2671 quid
976 2597 1029 2672 sit,

211 2691 292 2766 quod
310 2691 429 2766 lapsam
445 2687 626 2766 Christique
642 2692 763 2768 inopem
782 2707 860 2753 nova
877 2692 979 2769 gratia
996 2693 1135 2769 mundat,
1208 2705 1258 2755 aso

197 2829 258 2878 aar.
279 2828 421 2878 dissimilis
434 2831 454 2877 Α
468 2827 489 2878 E
504 2829 521 2878 Ρ
535 2827 555 2878 R
570 2829 627 2880 aar,
643 2844 658 2879 a
672 2846 687 2894 q
700 2847 726 2892 u,
741 2829 861 2880 desimiio'
875 2831 983 2892 Weiss,
998 2831 1029 2880 de
1041 2831 1127 2880 simili
1138 2821 1268 2882 distinete

125 2915 144 2945 u
157 2913 217 2946 cunr
227 2904 289 2946 eett.
301 2917 307 2959 ;
320 2898 424 2962 sutura
437 2912 462 2947 a.
568 2899 628 2950 863.
642 2899 926 2965 incircumiuoeriptus
939 2898 997 2948 Put.
1099 2901 1157 2950 864.
1174 2900 1258 2950 oeulis

126 2964 203 3028 Prag.
293 2967 624 3031 Sidsormatcoicissim
642 2966 668 3014 u.
777 2967 837 3016 869.
851 2971 962 3034 sactum
979 2970 1026 3017 la.
1135 2969 1257 3020 872.orc

126 3033 404 3098 wettelmus).
510 3037 570 3086 875.
592 3037 702 3100 quidm.
794 3037 854 3086 876.
874 3036 1023 3100 quoLugd.
1096 3037 1156 3088 877.
1178 3041 1259 3087 triste

125 3103 184 3154 tid.
200 3103 283 3165 Lugd.
389 3103 448 3153 878.
469 3101 575 3154 Recidit
587 3105 609 3154 Α
623 3104 643 3153 id
656 3104 734 3154 Laur.
751 3103 848 3155 Weiss.
863 3120 905 3155 aa
918 3122 934 3154 u
948 3103 1007 3155 illd.
1022 3105 1103 3169 Lugd.
1115 3105 1192 3158 ,Sielu
1202 3113 1257 3156 tres

126 3171 203 3222 rate.
220 3171 318 3222 Weitz.
334 3171 408 3221 Chor.
423 3171 506 3222 Poett.
523 3173 609 3232 Heius.
626 3170 691 3223 cell.
708 3172 791 3235 0bb.‚
811 3175 967 3240 lupocoam
981 3175 1115 3224 reciditur
1127 3211 1134 3238 ,
1148 3175 1261 3224 Decidit

125 3242 142 3290 Β
158 3241 192 3291 W
207 3241 282 3304 Pras.
298 3240 353 3290 liat.
369 3241 412 3305 bq
427 3240 480 3290 Gis.
496 3241 589 3292 Amstr.
605 3243 695 3305 Areu,
717 3241 819 3291 Cecidit
831 3241 860 3292 lt.
1019 3243 1078 3292 879.
1099 3247 1191 3292 anima
1205 3242 1225 3292 R
1239 3260 1256 3292 α

123 3310 185 3360 11Ιά.
200 3309 282 3373 Lugd.
299 3309 353 3358 Gis.
367 3309 445 3359 Areu.
542 3311 601 3362 880.
617 3311 731 3360 mundat
741 3309 762 3360 tt
773 3311 857 3374 piures
868 3311 971 3362 Heinss.
987 3329 1004 3360 α
1017 3311 1074 3359 lla.
1090 3311 1170 3372 Luqd.
1184 3310 1255 3360 siet.

124 3378 268 3429 tresChor.
286 3377 478 3441 Poott.Arev.‚
507 3380 626 3443 lavetq,
653 3377 895 3444 nudatwsupra,
921 3377 1255 3429 incommutatum.

122 3447 222 3499 Weiss.
239 3448 318 3500 ablu
331 3462 417 3511 margo
432 3448 509 3497 trium
522 3447 593 3499 siet.
608 3447 684 3498 Febr.
699 3449 753 3498 Gis.
768 3445 868 3498 Weitz.
883 3448 978 3514 Amstr.
992 3447 1079 3496 Heius.
1097 3446 1163 3498 dell.
1175 3447 1254 3512 obit,

123 3517 245 3580 ambigua
257 3522 297 3565 est
310 3516 387 3565 lectio
400 3533 426 3565 u.

176 3635 238 3686 864.
260 3635 382 3684 Membro
394 3636 512 3685 demand
526 3635 587 3686 ideo
600 3641 670 3686 aori·
714 3635 847 3699 recidere,
867 3637 973 3700 referre
991 3642 1017 3684 et
1038 3636 1107 3699 sim;‚
1128 3635 1175 3686 0v.
1192 3635 1254 3686 Met.

119 3711 209 3770 plura
223 3704 333 3754 domino
346 3705 486 3767 attribuit,
501 3710 532 3753 ul
545 3709 609 3768 quia
620 3720 671 3770 por
713 3703 748 3770 X,
774 3705 821 3754 180
846 3704 953 3754 Recidit
977 3707 1005 3752 ia
1030 3704 1149 3754 solidam
1174 3705 1256 3770 longo
1306 3699 1308 3706 ¹

121 3791 150 3824 ee
162 3773 289 3838 intelligi
301 3788 352 3822 nou
367 3778 472 3836 potest,
488 3789 539 3838 per
556 3789 598 3824 reo
612 3789 671 3823 cor·
710 3778 777 3839 port
789 3780 909 3839 tempore
922 3778 1040 3833 terram,
1060 3772 1127 3822 idem
1141 3789 1180 3839 ep.
1196 3773 1256 3824 XlV

119 3842 582 3908 porcessaeitr'uaintelligatur-gl.
598 3857 622 3893 a.
714 3843 927 3910 Hypermnestrae
947 3842 994 3905 ld,
1022 3841 1113 3891 Claud.
1134 3843 1163 3892 B.
1184 3841 1253 3892 Gild.

175 3911 237 3962 869.
258 3907 335 3977 rude]
355 3910 467 3960 Arevalo
487 3909 565 3978 Prud.
593 3910 670 3970 rudis
700 3913 755 3965 ,45.
773 3910 830 3960 Vid.
851 3911 902 3960 dil.
926 3909 1070 3961 inditum.
1087 3911 1169 3974 inre,
1191 3911 1254 3960 etin

122 3980 212 4029 dicere
238 3980 343 4028 videtur
367 3995 411 4044 pro
436 3995 521 4042 novo,
556 3983 667 4030 recenti.
712 3981 841 4044 recidere,
856 3980 994 4042 reducere,
1009 3981 1145 4045 refugere.

121 4048 243 4099 Frustra.
263 4046 404 4098 Genuiuam
423 4048 474 4098 vim
494 4049 613 4112 incultus
629 4049 670 4097 tie
765 4050 826 4099 880.
845 4046 1255 4114 mundet]0bb.1uavcltinuu·

122 4118 222 4168 retinet
236 4124 265 4166 ιιι
276 4117 326 4166 902
341 4124 367 4166 et
377 4117 405 4167 C.
423 4116 468 4180 111,
485 4119 543 4168 133.
695 4117 763 4167 ‘dcl
775 4118 806 4167 ob
819 4134 843 4168 v.
856 4133 910 4182 seq.
933 4113 1007 4180 Fugit
1019 4131 1085 4177 eum,
1100 4115 1166 4179 quod
1179 4121 1253 4178 poeta

176 4186 238 4236 878.
255 4183 375 4252 recidit]
400 4185 486 4236 Prima
519 4186 583 4236 haud
611 4201 669 4235 raro
713 4187 762 4236 877
776 4187 951 4237 disseruerat:
975 4185 1063 4234 vitium
1083 4191 1159 4248 atquo
1176 4182 1255 4231 vitio-

122 4255 249 4321 producte
262 4254 288 4304 iu
301 4254 361 4304 vbb.
376 4255 520 4318 reducere,
532 4255 668 4320 refugere,
713 4271 767 4306 sum
781 4263 809 4305 ut
822 4256 976 4306 mundentur
987 4252 1111 4317 indigent.
