3020 4832
532 295 749 350 tratridosts.

165 485 284 547 aerium
299 477 413 559 David,
432 479 617 560 magnorum
632 499 762 561 corpora
778 498 888 562 regum

164 579 260 655 aeria,
279 581 371 653 atque
387 580 485 656 ipsam
504 581 655 640 secundae
669 581 803 656 virginis
819 582 923 644 airum

164 687 237 734 aere
253 673 359 734 fallaci
374 674 558 748 nebulisque
574 678 605 734 et
622 677 702 736 nube
718 679 901 736 tumentem.

166 767 324 832 vanescat
338 771 469 844 sanguis
485 769 665 846 perdendis,
683 785 754 831 ossa
770 769 947 845 liquescant
1116 783 1119 792 ·
1146 782 1209 848 rqts

162 862 279 938 mollia,
299 875 467 926 nervorum
482 868 588 938 pereat
603 867 729 924 textura
746 865 919 926 volantum.

162 952 276 1032 Dmne,
295 956 374 1030 quod
390 960 440 1018 est
454 961 590 1032 gestum,
609 961 703 1020 notus
719 959 843 1019 adierat
858 957 985 1034 inritus,
1003 969 1099 1018 aurae

164 1052 347 1127 dispergant
361 1055 484 1127 tenues,
503 1053 546 1112 sit
562 1053 682 1126 sebnia,
701 1054 781 1128 ‹pnod
799 1067 907 1114 sumus
924 1065 1042 1113 omnes.

164 1143 207 1206 Et
221 1146 295 1221 quid
312 1146 379 1220 agit
395 1142 554 1223 Christus,
574 1149 600 1208 si
618 1162 667 1208 me
682 1163 744 1210 non
761 1149 912 1226 suscipit?
928 1153 984 1210 aut
998 1162 1088 1224 quem

163 1243 276 1304 linerat
290 1241 460 1314 infirmum,
479 1243 506 1303 si
522 1243 710 1318 dedignatur
725 1245 812 1304 adire
1145 1254 1209 1303 tono

164 1337 270 1398 earnis
286 1351 366 1397 onus
382 1350 592 1412 manuumque
607 1338 715 1400 horret
730 1343 930 1400 monumenta
946 1337 1093 1399 suarumi

161 1433 367 1507 indignumne
382 1435 472 1507 putat
486 1433 604 1494 luteum
622 1434 818 1494 consciscere
830 1447 957 1508 corpus,

164 1527 217 1602 qui
234 1541 296 1587 non
311 1526 475 1601 indignum
491 1527 646 1601 qnondam
662 1528 721 1589 siui
738 1527 885 1603 credidit,
903 1528 1005 1602 ipsum

162 1625 354 1699 pertractare
368 1621 480 1697 lutum,
499 1617 642 1683 cum'vas
658 1626 845 1699 conponeret
861 1635 937 1683 arvo

163 1720 300 1780 nondum
315 1718 468 1794 mscereo,
487 1719 540 1778 sed
556 1720 668 1781 inertis
683 1720 804 1795 glutine
819 1719 886 1780 limi

163 1816 369 1890 inpressoque
384 1817 493 1888 putres
509 1815 567 1876 sub
582 1817 692 1891 pollice
708 1817 836 1877 duceret
849 1815 961 1876 artusi

163 1917 271 1974 tantus
288 1924 376 1984 amor
390 1913 506 1982 terrae,
522 1913 612 1970 tanta
627 1912 677 1970 est
691 1909 816 1970 dilectio
833 1908 950 1970 nostrii

163 2006 322 2083 Dignatur
336 2005 538 2081 praepinguis
554 2005 639 2065 humi
655 2007 866 2080 conprendere
882 2004 1004 2066 mollem

164 2104 279 2166 divinis
295 2102 417 2177 glebam
435 2103 554 2177 digitis,
573 2115 631 2161 nee
646 2102 771 2162 sordida
787 2104 894 2162 censet

162 2196 322 2258 haerentis
338 2209 462 2255 massae
477 2195 638 2269 contagia:
656 2194 794 2255 iusserat
811 2197 846 2254 ut
862 2194 917 2255 lux

162 2291 324 2364 corrderet,
343 2289 426 2350 iacta
442 2293 502 2364 est,
522 2293 558 2349 ut
571 2289 725 2349 iusserat:
748 2288 851 2348 omnia
867 2288 958 2348 iussu

160 2386 350 2461 inperitante
366 2397 463 2444 novas
478 2387 645 2444 traxerunt
660 2384 743 2443 edita
760 2383 889 2444 iormas

163 2478 258 2543 Solus
274 2481 364 2541 homo
380 2479 512 2540 emeruit
527 2475 651 2539 Domini
670 2478 832 2539 formabile
848 2479 959 2539 dextra

163 2592 199 2638 os
215 2589 326 2650 capere
342 2579 374 2634 et
389 2575 477 2634 iabro
493 2574 616 2634 deitatis
632 2575 760 2648 figmine
775 2573 875 2634 nasei.

162 2682 313 2745 quorsum
330 2668 430 2742 igitur
444 2669 518 2729 limo
532 2671 619 2728 tanta
635 2668 831 2744 induigentia
849 2671 958 2728 nostro

161 2763 306 2838 contigit,
325 2766 360 2823 ut
374 2759 499 2824 Domini
517 2763 660 2823 maninus
677 2765 831 2824 tractatus
845 2762 963 2823 honora

163 2865 232 2922 arte
248 2873 339 2920 sacer
353 2859 442 2918 tieret
457 2861 544 2918 tactu
559 2859 621 2918 iam
639 2859 751 2919 nobilis
767 2857 857 2932 ipso?

163 2953 306 3014 decrerat
321 2952 465 3027 quoniam
483 2947 644 3014 Christum
662 2951 738 3012 deus
753 2952 939 3026 inconrupto

163 3049 337 3110 admiscere
354 3048 433 3122 soto,
452 3047 569 3110 sanctis
586 3047 666 3120 quod
684 3047 802 3122 tingere
816 3047 924 3107 veliet.

163 3138 303 3216 Dignum
320 3140 428 3201 habuit
443 3139 549 3215 digitis
565 3144 597 3201 et
611 3152 718 3200 aarum
735 3143 867 3204 condere
879 3143 1005 3219 pignus.

161 3233 316 3298 Destituit
331 3241 444 3298 natura
459 3236 581 3311 quidem
598 3235 757 3297 destructa
773 3241 900 3300 coactae

164 3331 290 3393 teiluris
307 3332 448 3410 sormam,
468 3333 622 3406 mortique
638 3335 773 3395 obnoxia
789 3335 902 3396 cessit:

162 3428 216 3488 sed
234 3430 347 3488 natura
363 3425 421 3490 Det
436 3443 594 3504 nunquam
612 3430 760 3492 solvenda
775 3432 922 3492 caducam

147 3599 224 3649 1018.
247 3603 336 3649 tenuis
351 3598 381 3649 D.
513 3599 588 3650 1019.
609 3603 668 3651 Aut
679 3601 747 3667 quid
759 3599 793 3652 W
805 3617 891 3666 supra,
1026 3604 1101 3654 1021.
1122 3608 1211 3655 mont-

79 3674 169 3720 menta
184 3683 218 3718 m.
339 3667 413 3718 1022.
435 3671 647 3720 consciscerem.
766 3671 841 3726 1024.
861 3671 1035 3723 Pertreotnre
1051 3673 1139 3723 iieins.

159 3738 237 3787 1025.
258 3751 388 3801 corporeo
401 3753 478 3802 supra
491 3737 632 3790 {viscereo
648 3736 704 3786 flat.
829 3739 904 3790 1026.
922 3741 1014 3806 potine
1027 3739 1060 3790 W
1074 3740 1174 3792 Weitz.

123 3805 201 3856 1028.
219 3809 386 3870 praepignor
402 3805 478 3864 Dat.;
502 3806 723 3873 comprehendere
739 3823 755 3855 u
770 3807 826 3858 did.
842 3807 942 3873 Lugd.;
966 3810 1062 3860 molem
1078 3811 1104 3860 B.

146 3875 224 3924 1034.
238 3875 326 3937 ¹fodro
340 3873 358 3922 B
373 3871 405 3924 W
417 3872 513 3924 Weiss.
530 3891 552 3924 rn
568 3873 662 3925 Weitz.
679 3873 767 3925 Heius.
783 3877 847 3926 ded.
862 3878 939 3927 Arav.
956 3875 1033 3942 dnn,
1045 3880 1141 3945 flabro
1154 3878 1176 3929 Α
1190 3877 1210 3930 R

79 3941 110 3992 W
123 3941 229 4008 (supra)
245 3942 323 3992 Lanr.
336 3959 352 3989 c
364 3957 379 3991 a
393 3959 407 4008 q
420 3960 436 3992 u
449 3943 509 3993 nid.
525 3943 605 4007 Lnga.
621 3944 690 3994 Sion.
700 3951 753 3993 tres
767 3941 843 3995 Faba.
858 3943 912 3995 Gis.
927 3946 1005 3998 Cher.
1017 3946 1101 3997 Poett.
1112 3948 1208 3998 Amstr.

79 4010 168 4062 Cham.
262 4011 338 4061 1030.
359 4009 531 4063 smarndnr'li.
636 4014 710 4062 1037.
732 4018 822 4064 tactui
833 4016 930 4065 nobilis
943 4030 968 4067 a.
1068 4016 1144 4066 1038.
1161 4017 1211 4066 Dr-

79 4084 162 4131 oreait
177 4078 254 4142 nat.;
272 4079 413 4130 Christum
424 4087 504 4144 pater
517 4085 678 4147 incorrupto
691 4080 767 4146 Prag.
882 4084 957 4136 1039.
973 4085 1039 4135 velle
1052 4085 1069 4132 D
1084 4084 1140 4134 Gis.

130 4241 208 4292 1034.
234 4240 337 4308 satra]
360 4243 454 4306 Agitur
484 4245 515 4294 de
545 4245 627 4296 soiius
671 4245 793 4300 dexterae
807 4249 858 4314 dei,
872 4250 956 4302 anima
969 4251 1022 4301 oris
1035 4251 1087 4300 vid.
1103 4249 1163 4300 778.

77 4310 194 4376 corporis
206 4309 336 4374 figmento.
356 4310 452 4378 Corpus
462 4314 553 4379 quippe
564 4329 627 4380 opus
