3018 4826
612 307 687 360 Alth.
704 307 882 361 rnhuultitt
896 308 996 361 utsii.

493 496 642 574 „primus
657 495 792 558 recludit
806 497 943 558 ereditas

496 591 720 668 „aeternitatis
736 591 860 652 ianuas.

558 685 730 765 „Discede
749 686 872 749 adulter
886 682 1035 764 luppiter,

497 787 634 861 „stupro
650 783 768 844 sororis
784 781 890 856 ohlite,

497 877 666 956 „relinque
681 874 812 940 Romam
828 876 957 938 liheram

497 973 706 1052 „pietamque
721 972 783 1035 lam
801 965 919 1034 Christi
937 969 1023 1047 urge.

560 1063 634 1143 „Te
647 1061 767 1128 Paulus
783 1063 855 1126 hino
871 1065 1071 1140 exterminat,

496 1165 554 1241 „te
570 1159 700 1238 sanguis
716 1160 864 1221 exturbat
879 1156 978 1236 Petri,

495 1257 578 1333 „tihi
594 1255 637 1333 io,
655 1255 735 1332 quod
752 1255 820 1331 lpse
836 1267 1027 1329 armaveras,

495 1351 640 1428 ‚,laotum
655 1346 793 1411 Neronis
809 1348 915 1410 oiiloit.

560 1441 687 1521 „Video
703 1445 844 1506 torturum
860 1441 1029 1521 nnncinen

495 1540 720 1619 „quandoque
737 1540 790 1616 qul
806 1553 918 1602 servus
934 1534 993 1598 Dei

498 1639 619 1716 „tetris
634 1652 795 1700 sacrorum
813 1637 958 1699 sordlltus

497 1734 646 1811 „servire
661 1729 791 1796 Romam
807 1747 867 1794 non
885 1731 987 1793 sinat:

560 1829 641 1906 „qul
656 1827 772 1903 temolo
788 1826 915 1887 claudat
928 1823 1084 1899 veotlhus,

500 1923 637 2001 ‚‚valvas
652 1923 787 1985 eburnas
803 1922 958 1997 obstruat,

312 2139 373 2191 463.
392 2139 502 2190 Primus
516 2137 591 2189 llPll
603 2140 656 2205 (ap.
672 2138 750 2200 obi.)
765 2135 798 2186 W
812 2135 895 2186 Attin.
912 2134 1020 2186 ihmhr.
1033 2131 1108 2184 Tdrr.
1124 2129 1207 2184 ilici.
1221 2147 1237 2182 a
1253 2133 1350 2185 itin
1364 2151 1381 2202 p

245 2225 286 2276 qu
299 2207 391 2258 Parrh.
403 2223 492 2271 margo
504 2208 581 2258 trium
594 2207 664 2258 Sich.
679 2205 733 2258 (iis.
746 2207 777 2256 ad
791 2219 862 2254 oram
876 2203 973 2255 Waltz.
990 2203 1075 2263 (tlh,
1090 2203 1198 2254 Primos
1209 2200 1249 2266 A,
1268 2203 1383 2254 Primus

245 2277 368 2341 2Ambr„
387 2277 508 2328 Primam
522 2274 543 2326 N
551 2276 571 2326 R
585 2276 638 2343 (ap.
654 2275 753 2338 Heius.)
770 2273 861 2324 uiw
875 2287 952 2339 supra
968 2274 975 2322 l
991 2271 1048 2323 ltot.
1063 2271 1120 2322 rut.
1134 2288 1152 2320 c
1165 2271 1204 2321 at>
1219 2272 1264 2321 lm
1278 2271 1317 2337 (io
1331 2273 1382 2324 hoc

243 2347 336 2398 lterum
349 2347 469 2397 Primam
483 2346 513 2396 ai
528 2347 611 2410 oram)
622 2345 679 2396 nli.
694 2345 775 2408 Lugd.
790 2343 862 2394 siet.
871 2341 1021 2427 trcs'Fahm
1030 2339 1084 2392 Gis.
1097 2340 1175 2392 Chor.
1187 2339 1271 2391 Poott.
1282 2342 1380 2424 amatr:

244 2414 766 2552 diri}adroiclintddliriniudiidi’liiieiridiid
776 2485 831 2532 iam
845 2412 1065 2546 Chliistiir‘ffriirtie
1078 2426 1105 2463 u·
1148 2409 1381 2530 [mugientium

244 2553 293 2605 it.
364 2555 424 2605 iii.
439 2569 530 2606 seruos
542 2568 566 2603 m
577 2568 624 2618 pro
638 2552 687 2604 dio.
703 2551 763 2602 lect.
776 2551 833 2602 nit.
850 2547 930 2614 tngo.
946 2549 1079 2601 slohtres
1093 2546 1170 2599 Febr.
1182 2544 1354 2598 Chor.l’oett.

296 2754 669 2824 473.foiurumprincipcm]
683 2754 787 2820 „loler-
834 2755 964 2807 Thr-aciae
985 2755 1070 2806 simiel
1086 2755 1228 2820 pracfecit
1252 2759 1378 2821 imperio,

244 2832 331 2892 protes
344 2840 431 2877 omncs
450 2841 506 2877 oum
520 2833 621 2876 veteres
633 2832 686 2876 ium
701 2840 788 2876 recen·
831 2829 859 2875 in
870 2827 921 2876 hoc
931 2825 1095 2890 rocrscciiore
1108 2823 1228 2887 iudicio,-
1241 2830 1306 2890 quie
1317 2841 1378 2877 cum

243 2903 284 2945 tos
313 2895 379 2945 hooc
405 2895 545 2960 principem
577 2894 705 2944 affirmant
730 2909 787 2944 esse
831 2897 859 2944 in
870 2894 991 2944 omnibus
1001 2895 1133 2944 iomanes
1143 2897 1380 2946 eiiceer'rtcie‘hm

245 2961 452 3014 Constantinum.
466 2963 590 3028 Equidem
603 2964 685 3028 magia
699 2963 786 3027 credo,
830 2965 882 3013 irie
892 2978 946 3028 par
956 2963 1061 3028 suerit,
1075 2965 1103 3012 in
1115 2962 1189 3024 fidei
1204 2970 1379 3016 sumomonte

244 3031 413 3082 al‘rudentio
431 3047 502 3082 suum
515 3032 557 3082 vel
574 3032 661 3098 potius
675 3040 788 3082 nostrum
831 3033 1022 3098 religionisque
1043 3031 1121 3080 cultu
1143 3033 1203 3081 sine
1222 3032 1280 3082 ulla
1306 3048 1381 3082 com·

242 3098 414 3152 Theodosium
426 3100 537 3151 laudari.
552 3099 711 3152 Theodosius
722 3100 787 3151 enim
820 3104 974 3167 ,paratione
990 3101 1155 3167 praecessit:
1175 3099 1312 3166 siquidem
1332 3102 1381 3152 itte

242 3185 306 3221 vare
328 3169 374 3220 illc
401 3169 467 3232 tuit,
492 3169 534 3236 qui
560 3167 663 3220 Romam
688 3170 788 3220 servire
829 3175 1005 3236 persecutor,
1031 3169 1075 3219 iric
1096 3174 1271 3235 propagator
1296 3171 1382 3220 eccie-

243 3239 319 3290 idolis
331 3240 433 3303 vetuit,
452 3239 547 3305 templa
566 3238 660 3290 clausit
672 3240 788 3289 vectibus
830 3243 899 3290 siae.
930 3237 1191 3289 Animadvertendum
1215 3245 1272 3296 est,
1298 3255 1382 3304 usquc

243 3315 268 3358 ct
282 3307 354 3372 iecit,
368 3316 397 3360 ut
410 3322 472 3359 aera
486 3308 590 3358 innoxia
601 3314 709 3369 starent,
724 3323 789 3374 quae
831 3308 864 3357 ad
887 3304 1025 3357 Theodosii
1051 3307 1183 3372 imparium
1214 3307 1381 3372 praecipuum

242 3377 302 3427 olim
316 3377 475 3428 habebantur
488 3377 571 3440 idola,
592 3377 649 3428 doru
663 3376 788 3442 permisit,
832 3377 993 3427 nobilitatem
1007 3373 1146 3426 Romanam
1158 3375 1285 3426 idolorum
1299 3377 1382 3428 cultui

243 3452 313 3496 stare
339 3447 477 3497 simulacra
501 3449 572 3497 ariis
614 3449 701 3509 roilo,
734 3462 788 3496 non
832 3445 913 3496 inisse
926 3445 1064 3496 addictam.
1084 3442 1245 3508 Augustinus
1259 3445 1381 3497 Coniess.

243 3514 554 3566 diuinitetsmelienda.
601 3514 635 3564 id.
657 3514 704 3564 tit.
729 3513 738 3564 l
762 3515 787 3563 in
833 3510 1383 3579 lib.Vlll,aichictoriooloquenscil:

243 3581 338 3648 Symm.
353 3598 379 3633 v.
393 3584 453 3634 503.
481 3582 520 3632 De
538 3584 627 3634 codem
643 3579 787 3634 Theodosio
831 3583 960 3634 Sictrrcm
978 3587 1006 3633 in
1020 3581 1141 3632 Romano
1153 3582 1224 3647 soro
1238 3591 1388 3635 meruerat

243 3655 301 3716 posi
321 3650 484 3702 Prudentium
505 3652 542 3702 ila
565 3651 659 3703 scribit
679 3652 788 3703 Orosius
831 3657 859 3702 et
871 3656 1107 3718 acceperatusqus
1120 3649 1245 3700 aritiam
1257 3658 1385 3703 aetatem

242 3717 288 3768 lib.
308 3716 366 3782 Vll,
386 3735 408 3770 c.
431 3721 481 3770 34:
510 3721 577 3770 Cum
597 3721 735 3788 efflictum
755 3737 788 3771 cc
830 3727 977 3771 venerator
1011 3719 1146 3771 idolorum
1180 3734 1387 3788 sacrorumque

239 3802 308 3853 pene
328 3788 479 3854 collapsum
500 3789 663 3854 reipublicae
681 3795 788 3840 statum
830 3790 1027 3854 sacrilegorum
1041 3792 1190 3852 parttoepn
1202 3790 1303 3852 quihus
1315 3796 1387 3842 tunc

241 3855 348 3907 uideret
373 3855 555 3921 (Gratianus),
581 3858 673 3909 cadem
695 3862 788 3925 proei—
832 3863 891 3908 tolo
910 3860 976 3925 sere
997 3857 1118 3908 Romane
1139 3857 1273 3907 nobilitas
1290 3862 1387 3925 spira·

241 3927 333 3989 sione,
354 3941 407 3992 quo
427 3926 787 3992 qnondamiegerativerea
831 3927 911 3978 hat.“
937 3926 1017 3978 Areo.
1048 3925 1097 3974 Sed
1120 3924 1225 3976 ilicron.
1251 3927 1285 3976 ad
1307 3927 1386 3980 ttoni.

242 3993 392 4059 Hispanum
421 3997 509 4045 virum
542 3995 707 4059 Traianum,
738 4011 788 4061 per
832 3994 852 4059 l,
866 3995 892 4054 2,
906 3993 938 4060 V,
953 4011 978 4062 p.
995 3996 1035 4046 is.
1051 3993 1078 4044 tt.
1100 3993 1149 4044 iam
1163 3994 1195 4044 dc
1208 3993 1389 4048 Constantino

241 4077 319 4128 quem
332 4062 483 4130 respublica
497 4069 628 4128 reparata
646 4069 704 4128 est,
718 4065 788 4129 legii
830 4063 924 4130 Magno
934 4063 1048 4130 scripsit,
1062 4063 1112 4112 rud
1123 4078 1178 4130 quo
1189 4068 1216 4112 et
1229 4065 1390 4127 infidelitas

241 4136 270 4180 at
288 4135 346 4197 ipae
367 4131 561 4192 Theodosium,
583 4147 667 4196 acque
689 4133 786 4198 Hispa·
830 4137 1020 4184 una-'omarum
1044 4135 1166 4198 gentiam
1186 4137 1215 4182 et
1234 4135 1390 4200 turpitudo

241 4202 432 4316 'iliacum'
454 4205 482 4318 'it
493 4200 685 4319 ἶοιὲίιιιὲιιιὶὲο
698 4206 787 4286 reipe·
830 4203 919 4321 ffagetc
938 4208 1006 4321 asad
1021 4201 1095 4320 inum
1113 4207 1187 4267 pocla
1206 4207 1270 4252 anic
1292 4203 1392 4258 oculos

356 4283 458 4319 necessa
473 4283 520 4318 aa
543 4283 597 4334 cpe
685 4283 787 4320 rnorem
847 4287 862 4323 a
881 4287 951 4322 uisse
965 4285 990 4321 vt
1008 4285 1076 4321 cnr.

239 4349 393 4400 pomarum
423 4335 530 4399 induit,
560 4285 734 4401 Orientiique
758 4344 787 4389 at
