3054 4820
285 307 354 350 xxx
707 297 967 352 ructuantibus.

281 495 344 558 per
358 474 504 538 Ioannem
521 471 720 564 Sichurdum.
741 472 815 535 Cum
828 473 940 556 gratia
955 480 989 534 et
997 472 1175 556 priuilegio
1189 469 1356 536 Caesareo.
1377 477 1410 534 8.

287 567 319 630 Iu
335 568 412 630 buc:
430 568 576 632 Dasileae
592 564 677 650 apud
689 565 777 630 And.
798 563 1020 636 Cratandram
1041 585 1144 626 mense
1158 563 1294 626 Martio.
1313 566 1413 628 Anna

290 667 382 723 1527.
404 661 501 724 Editio
521 658 669 743 prioribus
692 656 789 720 ubivis
805 656 987 733 correctior,
1012 677 1098 738 quum
1114 675 1227 720 mecum
1244 657 1350 720 habco.
1378 657 1415 720 Iu

287 755 381 838 praei.
405 753 484 817 Sicb.
508 752 630 816 scribit:
656 751 795 814 Pristim
811 759 914 814 autem
935 752 1037 812 nitori
1047 752 1258 826 restituimus,
1280 773 1341 814 nun
1362 755 1414 814 in-

284 849 381 932 genio
387 847 482 929 steti,
501 847 586 932 quod
598 855 647 909 est
657 866 760 931 genus
775 843 961 908 emendandi
973 845 1053 906 satis
1070 843 1239 922 lubricum,
1256 866 1295 908 ne
1308 844 1415 907 dicam

287 943 411 1004 interim
421 934 585 1025 pestilens,
602 939 660 1003 sed
672 961 713 1002 en
730 938 887 1002 codicibus
902 937 1137 1016 uetustioribus,
1161 958 1290 1022 quorum
1306 939 1350 1000 ad
1362 959 1414 1000 me

286 1058 378 1100 unum
404 1059 448 1100 en
468 1033 690 1120 Argentorato
713 1033 854 1096 submisit
869 1032 914 1108 V.
933 1031 969 1096 C.
990 1031 1028 1095 V
1024 1032 1210 1096 uerinherus
1227 1031 1263 1094 V
1261 1032 1414 1118 aestiuus,

286 1134 336 1196 cir
357 1153 425 1194 cam
447 1133 606 1210 eruditus,
637 1140 717 1202 tum,
744 1127 828 1214 quad
849 1132 879 1188 in
900 1147 1019 1210 magna
1039 1149 1121 1191 nunc
1142 1128 1252 1204 laude,
1281 1135 1317 1192 ut
1337 1136 1416 1189 sunt

286 1246 388 1288 nitores
413 1225 586 1298 hominum,
616 1233 665 1286 est
680 1223 877 1309 ponendum,
908 1222 1116 1286 communibus
1139 1222 1254 1307 studrjs
1275 1224 1417 1286 manime

277 1321 409 1404 fauens.

202 1453 263 1495 1533,
373 1415 533 1480 Melodine
554 1413 788 1478 Prudentiunae
811 1414 896 1476 etin
920 1410 1096 1496 Virgilium
1118 1432 1235 1496 magna
1256 1432 1300 1474 en
1316 1423 1416 1497 parte

287 1533 386 1596 nuper
400 1523 493 1576 natue
509 1522 542 1575 et
549 1532 613 1596 per
626 1511 706 1574 Nic.
719 1508 855 1573 Fabrum
877 1505 1070 1593 typograph.
1095 1528 1266 1591 enpressue
1281 1507 1415 1592 Lipsiae

287 1606 329 1669 M.
346 1606 383 1668 D.
399 1605 546 1670 XXXIII.
563 1625 664 1668 mense
677 1602 786 1692 April.
806 1609 835 1666 8.

203 1747 264 1790 1535,
374 1713 504 1776 Aurelii
523 1711 690 1775 Prudentii
710 1708 876 1774 Clementis
903 1711 968 1772 ciri
988 1709 1165 1773 consularis
1193 1729 1290 1791 opera
1316 1709 1412 1770 multo

288 1827 380 1893 quam
404 1815 497 1870 anteo
520 1808 752 1890 castigatiora3
777 1813 949 1886 praeterea
971 1813 1002 1866 et
1023 1803 1114 1866 Aelii
1125 1797 1267 1864 Antonii
1278 1800 1414 1865 Nebris-

287 1903 386 1964 sensis
402 1901 630 1964 curamentariis
645 1898 732 1962 haud
741 1898 939 1982 poenitendis
958 1899 1133 1971 illustrata,
1159 1895 1269 1979 quibus
1284 1899 1415 1980 insuper

290 1995 492 2079 adglutinala
513 2005 589 2058 scint
608 1993 736 2058 Scholia
757 1994 887 2056 Ioannis
909 1992 1077 2072 Sichardi,
1103 2013 1183 2076 qaae
1206 1994 1309 2054 omnia
1329 2013 1414 2054 nunc
1462 2049 1466 2062 ,

283 2093 418 2174 primum
435 2091 467 2150 in
480 2088 726 2152 Philomusornm
738 2089 881 2170 gratiam
897 2108 1014 2150 excusa
1026 2097 1109 2150 sunt.
1127 2086 1317 2151 Encudebat
1327 2089 1414 2152 Ant·
1519 2093 1520 2096 ’

289 2186 418 2268 uerpiae
435 2183 595 2247 Martinus
612 2181 748 2258 Caesar,
773 2202 853 2244 anno
869 2183 980 2244 salutis
995 2181 1148 2246 humanae
1164 2182 1200 2246 D.
1217 2183 1259 2246 Μ.
1276 2183 1414 2246 XXXVI

287 2281 374 2364 (sic),
393 2285 423 2342 8.
453 2280 526 2342 Post
542 2280 636 2362 praef.
650 2302 657 2338 ι
671 2339 672 2342 ,
684 2275 831 2340 Basileae
852 2299 894 2338 en
910 2277 1039 2340 aedibus
1062 2281 1179 2341 nostris
1194 2278 1289 2343 Anno
1311 2279 1354 2342 M.
1372 2281 1411 2343 D.

288 2372 446 2437 XXXVII.
471 2372 584 2437 Mense
604 2371 740 2436 Martio.
776 2369 896 2434 Contuli
912 2369 1020 2434 librum
1036 2369 1128 2453 priori
1150 2371 1196 2434 cd.
1215 2371 1296 2434 Sicb.
1314 2373 1413 2435 miuus

288 2481 456 2533 correctum
472 2471 502 2532 iu
518 2468 588 2532 bibl.
605 2467 698 2551 Regia
714 2465 845 2530 Dcroliu.

203 2616 265 2658 1537,
373 2575 423 2638 De
448 2574 678 2636 miraculis
701 2569 762 2634 SS.
790 2573 963 2654 martyrum
986 2569 1159 2634 Hemeterii
1178 2579 1211 2632 el
1235 2569 1417 2634 Chelidonii

288 2688 356 2731 cum
371 2669 439 2731 Iac.
457 2666 585 2750 Megeri
597 2668 692 2726 notis.
716 2664 833 2726 Lovau.
854 2670 946 2740 1537,
966 2669 996 2726 8.
1016 2701 1056 2710 -
1072 2663 1181 2726 Eodem
1198 2683 1266 2726 aum
1284 2663 1417 2728 Iseeenci

283 2761 469 2847 presbyteri
481 2761 607 2844 hispani
620 2758 673 2821 lib.
692 2757 742 2820 III.
768 2758 805 2820 de
826 2758 961 2823 historia
976 2760 1161 2844 euangelica
1177 2760 1336 2822 emendati
1349 2771 1410 2823 etc.

290 2861 444 2924 Arataris
469 2856 655 2920 subdiaconi
680 2855 733 2918 lib.
759 2854 796 2918 II.
827 2865 900 2918 acta
928 2858 1139 2940 apostolorum
1174 2856 1415 2938 complectentes

289 2965 383 3018 antea
407 2956 439 3016 in
464 2951 633 3016 Germanic
655 2973 716 3014 non
745 2953 867 3014 encusi.
908 2953 992 3014 Aur.
1019 2951 1117 3014 Prud.
1145 2949 1242 3013 Clam.
1271 2971 1358 3012 cons.
1381 2973 1411 3012 c.
1518 2965 1519 2976 ¹

289 3048 486 3113 enchiridion
501 3060 562 3110 cet.
581 3056 611 3110 et
625 3049 700 3109 noui
713 3048 924 3109 instrumenti.
949 3045 1081 3109 Schalae
1100 3045 1292 3108 christianae
1306 3065 1414 3108 neces-

288 3150 372 3212 sarii
398 3146 484 3210 libri.
507 3144 610 3208 Basil.
641 3143 727 3227 apud
747 3142 947 3206 Bartholom.
974 3141 1021 3208 W
1020 3141 1223 3204 esthemerum
1250 3151 1281 3203 et
1300 3138 1409 3204 Nical.

291 3242 478 3328 Drplenger.
494 3261 524 3304 a.
534 3239 576 3301 M.
587 3236 793 3311 DXXXVII,
807 3243 836 3300 8.
857 3236 919 3300 Cir.
931 3235 1057 3300 Gcbser.
1070 3237 1106 3299 ad
1118 3234 1238 3300 Iurene.
1253 3259 1281 3319 p.
1292 3244 1345 3298 47.

203 3364 264 3406 isio.
373 3342 505 3407 Aurelii
525 3339 691 3416 Prudentii
711 3339 878 3404 Clementis
903 3340 967 3400 ciri
993 3340 1169 3403 consolans
1190 3359 1288 3424 opera
1314 3341 1411 3403 multo

287 3457 377 3520 quam
397 3445 491 3500 antea
515 3435 742 3518 custeguts'ara5
770 3441 940 3516 praeterea
963 3441 995 3494 ct
1015 3434 1103 3496 Aelii
1122 3429 1261 3496 Antonii
1278 3432 1413 3497 Nebris-

287 3534 386 3592 sensis
401 3531 630 3595 commentariis
643 3527 730 3592 haud
738 3527 938 3611 poenitendis
953 3526 1133 3604 illustrala3
1159 3528 1275 3612 quihus.
1285 3529 1414 3612 insuper

288 3621 490 3706 adglutinata
511 3632 584 3684 sunt
605 3621 740 3702 Scholia
756 3622 883 3683 Ioannis
906 3618 1078 3698 Sichardi,
1105 3641 1185 3705 qnae
1207 3623 1308 3683 omnia
1328 3643 1413 3686 nunc

285 3720 419 3800 primum
434 3718 466 3778 in
479 3716 725 3780 Philomusorum
737 3717 881 3801 gratiam
897 3736 1013 3777 encusa
1027 3724 1110 3779 sunl.
1129 3714 1413 3780 EncudchntAnt·

288 3810 427 3894 etespiue.
479 3809 580 3892 Apud
600 3809 748 3874 Ioannem
775 3808 957 3885 Sicinium,
988 3808 1045 3870 sub
1075 3819 1162 3872 scuto
1188 3807 1409 3892 Burgundiae.

287 3902 385 3968 Anno
400 3901 440 3964 M.
456 3900 495 3964 D.
514 3902 583 3979 XL,
600 3907 629 3963 8.
659 3903 770 3965 Eadem
793 3900 928 3964 Sichardi
951 3902 1043 3986 praei.
1065 3901 1245 3985 subscriptio
1261 3924 1297 3966 ac
1310 3903 1342 3966 iu
1359 3905 1407 3966 eri.

287 4020 317 4062 a.
340 4004 436 4061 1536:
461 3997 608 4060 Basileae
632 4019 674 4058 en
688 3996 816 4060 sedibus
831 3998 949 4058 nostris
964 4000 1060 4061 Anno
1076 3998 1238 4060 millesimo
1254 4000 1410 4083 quingen·

289 4094 410 4156 tessine
426 4092 580 4154 tricesimo
596 4094 737 4176 septimo.
761 4091 873 4157 Mense
887 4090 1021 4156 Martio.
1047 4090 1109 4155 Sex
1124 4091 1274 4158 codicibus
1290 4092 1412 4156 Sichar·

288 4189 356 4250 dum
378 4209 463 4251 usum
486 4188 579 4252 icisse
593 4186 741 4250 Arcvelus
763 4190 840 4252 mele
856 4189 997 4252 venditet.
1028 4188 1136 4252 Parum
1158 4189 1231 4252 boec
1246 4192 1412 4254 correctior

287 4296 335 4351 cst
348 4288 476 4351 secunde
494 4285 626 4350 Sicbardi
642 4285 782 4350 editione.
806 4324 845 4334 -
862 4287 972 4352 Eodem
996 4307 1065 4348 ann
1092 4285 1226 4352 Aurelii
1242 4287 1414 4352 Prudentii
1515 4331 1518 4356 2
