3016 4832
499 337 773 434 Pnntsunenauon
792 339 827 392 X.

273 531 389 607 largire
404 529 559 604 comptum
576 543 700 592 carmen
715 527 939 607 infantissimo,

270 626 320 689 iac
336 630 372 688 ut
386 629 510 687 tuarum
527 625 604 687 mira
619 626 747 690 laudum
763 626 941 704 concinam

269 735 340 784 nam
355 721 418 782 scis
434 721 558 797 etipse,
576 736 668 799 posse
684 727 788 784 mutos
802 722 917 799 eloqui.

353 812 512 878 Plectrum
526 815 622 893 palati
637 821 669 879 et
684 817 822 880 saucium
838 830 951 879 saevus
967 817 1022 879 tibi

269 916 370 975 tortor
383 911 526 990 revulsit,
546 927 602 974 nec
618 917 721 975 tamen
738 913 897 976 silentium
953 963 959 977 .

267 1009 381 1072 indixit
397 1009 456 1084 ori,
473 1024 534 1085 ouo
551 1009 699 1072 fatebaris
714 1007 827 1072 Deum.

267 1103 339 1168 Vox
354 1104 496 1166 veritatis
511 1105 603 1166 testis
621 1105 766 1181 extingui
781 1106 901 1181 nequit,

268 1216 324 1264 uec
340 1201 367 1262 st
382 1201 491 1262 recisis
505 1199 636 1276 palpitet
651 1201 815 1263 meatibus.

352 1289 404 1356 Sic
420 1296 526 1355 noster
541 1293 674 1356 naerens
690 1308 794 1357 sermo
808 1295 918 1371 lingua
933 1293 1027 1356 debili

270 1389 403 1452 balbutit
418 1393 450 1450 et
464 1389 564 1450 modis
579 1389 701 1452 laborat
716 1389 862 1467 absonis3

268 1486 326 1548 sed
342 1485 368 1546 si
384 1498 517 1561 superno
533 1499 605 1547 rore
619 1499 786 1562 respergas
801 1486 890 1548 iecur

266 1585 299 1642 et
313 1580 446 1656 spiritali
460 1579 540 1642 lacte
556 1585 665 1656 pectus
680 1581 811 1658 inriges,

267 1689 329 1736 vox
344 1673 497 1750 inpeditos
511 1688 608 1736 rauca
622 1675 745 1738 laxabit
758 1690 866 1738 sonos.

353 1764 556 1843 Evangeltsta
574 1769 711 1846 scripsit,
729 1769 832 1846 ipsum
848 1769 923 1831 talia

268 1866 430 1939 praecepta
445 1857 595 1924 Messiam
610 1864 733 1927 dedisse
748 1866 917 1941 apostolis:

269 1957 401 2038 „Nolite
416 1959 521 2034 verba,
539 1972 610 2022 cum
627 1965 857 2024 sacramentum
873 1975 974 2024 meum

268 2053 355 2131 „crit
369 2055 550 2130 canendum,
569 2055 769 2130 providenter
783 2071 953 2135 quaerere3

271 2163 359 2225 „ego
373 2148 537 2224 inparatis,
554 2163 635 2225 quae
650 2150 830 2227 loquantur,
848 2157 1057 2228 suggeram.“
1193 2159 1226 2209 no

353 2238 429 2306 Sum
444 2247 551 2306 mutus
567 2245 644 2321 ipse,
662 2245 716 2308 sed
733 2249 845 2321 potens
861 2245 1027 2308 facundiae
1044 2257 1049 2266 “

169 2459 195 2506 5.
214 2455 286 2507 Nom
299 2461 329 2506 tn
341 2459 395 2506 scis
407 2460 463 2523 ipse
476 2458 543 2509 coni.
559 2457 664 2522 Parrb.;
684 2465 787 2510 mutem
803 2457 835 2508 W
849 2457 951 2524 (snpra)
960 2457 1033 2521 Pras.
1050 2459 1065 2508 b
1078 2472 1118 2521 m,
1138 2459 1162 2508 in
1176 2474 1224 2524 qno

95 2526 130 2576 ad
146 2540 216 2574 oram
227 2525 240 2575 i
251 2541 296 2589 os,
315 2531 419 2576 mutum
433 2543 463 2577 os
475 2528 542 2577 coni.
557 2525 701 2578 biarietlus.
808 2529 831 2579 7.
852 2527 950 2593 reseis.
968 2525 1019 2576 ill.
1110 2528 1150 2577 10.
1166 2529 1227 2578 litas

97 2595 159 2646 nac.
174 2595 190 2644 b
203 2609 236 2644 m.
325 2596 366 2645 ll.
386 2596 480 2662 tingue
493 2614 511 2644 α
524 2612 539 2646 a
554 2596 568 2647 b
581 2613 602 2646 m
617 2596 673 2649 Gis.
689 2596 784 2648 Waltz.
799 2600 892 2648 Amstr.
909 2596 997 2647 Heius.
1013 2597 1101 2658 Areu,
1117 2597 1225 2661 linguae

96 2666 117 2715 Β
131 2663 153 2714 E
167 2663 188 2712 ii
201 2661 281 2714 Lenr.
295 2679 309 2729 p
323 2679 338 2728 q
350 2679 367 2714 u
380 2664 437 2715 nlo.
453 2664 534 2730 bugd.
549 2665 616 2716 Sicb.
626 2673 679 2717 tres
693 2665 768 2717 Febr.
785 2665 862 2716 Cbor.
878 2664 961 2716 Poett.
976 2665 1040 2716 ccli.
1056 2665 1121 2716 Obb.

150 2733 190 2782 tn.
209 2732 350 2784 natentur
368 2748 408 2796 m3
428 2740 456 2786 et
476 2736 583 2786 laboret
600 2737 707 2786 obsonia
725 2736 813 2786 modis
831 2734 950 2786 inmerito
970 2734 1119 2784 concinnius
1139 2741 1225 2784 censet

97 2801 191 2854 Heius.
273 2802 314 2852 13.
330 2818 446 2867 spargas
458 2803 521 2867 All,
535 2820 674 2869 ratpertus
685 2805 721 2864 B,
735 2811 882 2870 respergas
895 2803 916 2854 lt
929 2803 1045 2865 Weitz.;
1058 2807 1130 2854 iecor
1145 2806 1153 2854 1
1167 2821 1194 2855 α.

189 2871 229 2920 15.
249 2885 348 2922 raucos
360 2870 459 2936 [ιεὼς
479 2874 581 2924 bombat
598 2874 684 2924 amoc.
699 2872 791 2925 Parrb.
929 2874 970 2924 16.
990 2875 1086 2924 scribit
1102 2871 1122 2924 ll
1136 2873 1221 2924 Ambr.

94 2937 176 2990 Τ3ιϊ.
189 2939 280 2992 Parrb.
387 2941 428 2992 19.
450 2942 614 2994 causandum
628 2941 729 3006 [ιεὼς
744 2943 915 3009 providentes
928 2942 1004 3006 Pras.
1020 2942 1078 2994 nar.
1093 2942 1107 2993 b
1120 2958 1154 2994 m.

132 3009 177 3060 20.
197 3010 273 3074 lingo
285 3025 302 3060 u
315 3009 376 3074 (non
389 3008 501 3076 Leon),
521 3012 667 3079 toquentur
679 3013 709 3064 Α.
812 3011 853 3062 21.
872 3011 1012 3076 joanneta
1025 3010 1084 3064 nst.

91 3214 154 3265 ialli
174 3215 312 3281 potuerint.
340 3216 428 3282 itaquo
447 3232 502 3268 cum
520 3216 639 3270 Galerius
683 3226 773 3269 nerins
797 3234 896 3285 quoque
914 3219 931 3268 l.
947 3219 964 3267 l.
988 3217 1051 3268 dnas
1071 3216 1224 3268 traditiones

91 3293 121 3336 et
131 3284 307 3336 Diocletianus
320 3287 408 3337 eodem
421 3293 533 3352 tempore
547 3302 639 3350 regna·
681 3289 824 3352 cognoscit.
845 3287 902 3337 Cir.
919 3286 1069 3337 Tillemont.
1087 3282 1223 3336 memoires

89 3354 184 3404 verint
204 3353 292 3420 [Oros.
308 3354 366 3419 Vll,
382 3353 441 3422 11],
467 3356 568 3420 uilest,
593 3372 640 3406 cur
682 3357 856 3421 ecclesiastiq.
871 3353 903 3420 V,
923 3372 946 3422 p.
962 3355 1026 3418 207,
1046 3354 1222 3405 Lesviesdes

89 3422 639 3491 duosmartyresilomaninomineinsigni·
684 3424 771 3476 Saiuts
795 3423 864 3488 vlit,
891 3441 915 3490 p.
942 3425 986 3486 90,
1013 3423 1077 3474 Phil.
1105 3422 1221 3487 bergom.

89 3500 135 3543 tos
168 3491 248 3544 inisse
278 3499 428 3544 statuamus.
467 3494 638 3545 Circumlatas
681 3493 809 3556 vlitisl
823 3501 849 3544 et
861 3493 936 3544 Bran.
950 3491 1080 3544 Mozarab.
1096 3492 1127 3542 ad
1141 3492 1220 3542 d.18.

89 3569 181 3612 autem
196 3561 275 3612 tuisse
288 3562 338 3611 iam
352 3562 484 3613 Prudentii
498 3578 561 3614 aevo
576 3564 639 3614 duas
682 3560 780 3614 Norba.
800 3559 912 3613 Romano
927 3562 1081 3614 dedicatum.

89 3639 141 3681 eut
165 3630 251 3694 plures
272 3631 423 3681 traditiones
445 3631 575 3697 probabile
599 3633 637 3695 lit,

88 3701 165 3750 inter
185 3714 249 3764 quas
266 3699 371 3749 Eusebii
389 3701 505 3766 aequalis
524 3703 638 3752 narratio
735 3666 787 3750 Μ’.
809 3665 844 3715 Si
869 3669 895 3748 ⁶?
919 3669 965 3746 9²¹²
987 3665 1171 3749 ‘minimam
1196 3670 1223 3713 ⁶⁸

88 3769 241 3832 ‘mimis
269 3769 380 3834 ,mim
409 3784 471 3835 pm
501 3785 528 3820 ,θ
560 3769 638 3821 ferat·
679 3740 786 3802 pectore
797 3734 1130 3800 dedenssntelleotumgl.
1146 3749 1171 3784 s.

89 3837 205 3890 Eusebii
241 3837 417 3888 Caesariensis
451 3845 478 3889 et
509 3837 640 3889 prudentii
735 3820 777 3904 155·
801 3819 1032 3904 ’'⁰⁰⁰‘Jlssaffi0'fm
1053 3821 1109 3904 “53²¹
1128 3821 1223 3888 lumi

86 3907 206 3958 inercia
225 3907 359 3957 commixta
378 3907 475 3970 legitur
493 3908 518 3958 sn
540 3908 640 3959 suanus
683 3894 724 3940 ⁰⁸²
735 3907 754 3940 ²·
768 3906 792 3940 ⁶·
809 3889 913 3940 manaa
930 3891 1156 3956 renitententis:
1173 3906 1222 3956 rv-

87 3977 188 4030 loanni
203 3973 382 4043 chrysostome
400 3977 561 4028 orationibus
579 3992 639 4043 sup·
682 3963 760 4009 ''55¹¹’'
784 3964 810 4009 ⁶²
829 3974 889 4038 ΡΜ,
903 3961 967 4008 ⁶⁰¹¹ss
991 3963 1102 4040 cmm}
1122 3965 1149 4010 θ’
1169 3975 1221 4024 PW

85 4045 189 4116 pacato
208 4043 268 4109 <arc
288 4043 361 4096 rom.
377 4045 396 4106 ι,
416 4061 453 4096 or.
475 4047 518 4110 cs,
531 4047 575 4110 cs,
596 4047 637 4098 aa.
681 4028 752 4078 male
764 4028 799 4092 cl·
814 4042 845 4091 s,
865 4027 918 4078 ud·
932 4026 1005 4078 san.
1025 4029 1058 4078 st
1070 4027 1142 4092 Vos·
1157 4027 1219 4077 ler-

85 4113 258 4178 Mantiane)
290 4120 317 4164 et
346 4114 371 4163 in
395 4114 506 4166 llornilia
530 4116 639 4181 quadan
681 4095 730 4160 xi,
755 4097 806 4148 45⁸
830 4097 905 4180 ΠΨ
932 4100 1050 4180 ⁸⁰QO
1073 4101 1151 4148 ΝΜ
1171 4110 1222 4159 W

85 4181 205 4234 Eusebii
241 4180 369 4234 Gallicani
402 4183 549 4246 (Emesenii
584 4185 637 4235 vid.
681 4171 780 4230 mina
794 4166 917 4232 “lium‘'
931 4181 1019 4233 iiim·

84 4251 173 4304 Febr.
189 4251 254 4302 bibl.
268 4266 354 4316 graec.
368 4251 400 4317 V,
415 4254 440 4314 4,
455 4253 506 4317 16,
528 4255 639 4304 extasin
736 4252 777 4302 18.
807 4247 1020 4316 sacromentum]
1050 4248 1218 4313 evangelium,

86 4321 161 4373 bibl.
182 4320 232 4371 ΡΡ.
255 4319 371 4382 busdam.
391 4335 416 4388 p.
430 4322 508 4384 binc
528 4324 554 4372 id
574 4322 640 4388 quod
682 4320 708 4370 ni
721 4320 788 4372 iente
802 4322 833 4372 ad
845 4321 953 4371 militiae
966 4319 1063 4370 Gbristi
1076 4332 1220 4368 sacramen·

86 4389 308 4459 probabilitatem
326 4390 395 4441 illam
413 4390 553 4443 confirmat.
580 4389 641 4442 liui-
682 4397 735 4440 tum
748 4390 849 4453 allnsis,
865 4390 915 4440 cir.
929 4385 1022 4442 Metili.
1038 4389 1079 4452 10,
1095 4387 1136 4437 19.
