3054 4820
155 368 226 420 cot.
245 367 290 418 lll.
311 367 354 418 DE
367 365 545 418 conteretis
560 363 633 416 MSS.
651 363 693 416 ET
708 363 921 418 nntttontsstts
937 363 1126 418 PRUDENTll.
1167 367 1260 412 xxxv

125 537 304 613 Ordinario,
322 536 547 617 impetraverat.
581 533 675 596 Huius
692 533 812 596 Codicis
829 533 962 594 ordinem
986 531 1144 617 utrobique
1160 533 1258 597 bacin

124 633 264 696 Editioue
294 632 481 693 retinendum
500 629 632 713 -putavi3
680 629 816 712 exceptis
848 629 965 712 hymnis
993 629 1116 692 'duobus
1146 629 1259 692 ultimis

125 724 316 800 Cathemer.,
334 722 383 805 qni
401 724 430 784 in
448 724 550 786 eodem
568 723 671 785 codice
688 723 794 785 librum
811 719 889 802 περὶ
905 743 1000 810 orem.
1019 723 1172 784 claudunt.
1201 721 1261 784 Ac·

125 819 204 882 cedit
225 818 367 882 Nobiliss.
390 826 480 899 atque
503 817 711 898 Amplissimos
735 817 771 880 D.
799 815 932 880 lacobus-
945 815 1148 901 bongarsius,
1167 818 1215 880 vir
1229 818 1260 880 in

126 911 270 975 doctrinis
294 908 430 973 omnihus
454 910 489 971 ad
513 910 610 974 nostri
634 911 747 974 saeculi
764 909 938 972 miraculum
962 911 1097 973 eruditos
1113 921 1144 972 et
1160 911 1261 974 excel-

125 1008 217 1090 10ηεὶ
235 1006 296 1088 qui,
310 1005 372 1088 'qua
387 1005 417 1067 in
433 1023 536 1067 omnes
553 1015 600 1066 est
616 1006 730 1088 publice
747 1005 930 1085 benignitate
953 1024 987 1066 ac
1001 1003 1212 1078 beneficentia,
1229 1006 1260 1067 iu

126 1127 172 1168 me
189 1104 277 1168 etiam
296 1102 435 1185 privatim
450 1099 661 1164 benevolentia
679 1099 950 1175 commemorabili,
977 1095 1143 1184 integrum,
1161 1111 1194 1164 ut
1210 1121 1262 1184 pu-

127 1201 262 1276 tabatur,
287 1206 457 1274 auctorem,
482 1195 514 1258 in
538 1197 719 1260 membranis
736 1198 898 1280 scriptum,
924 1196 960 1258 ad
983 1215 1030 1257 me
1051 1196 1260 1279 perferendum

126 1293 259 1356 curavit:
283 1291 394 1374 inquo
419 1302 517 1352 tamen
535 1287 661 1359 'lacunas
685 1291 759 1353 satis
782 1303 827 1352 est
851 1300 952 1353 vastas
976 1287 1096 1367 choium
1112 1288 1258 1372 reperire.

125 1385 199 1450 Nam
216 1387 247 1447 in
265 1382 495 1446 Cathemerinon
513 1381 594 1468 hym.
611 1383 667 1445 Xl.
700 1384 891 1468 progreditur
913 1380 1015 1452 saltim'
1029 1403 1123 1465 usque
1139 1384 1174 1446 ad
1192 1403 1260 1446 ver·

126 1503 189 1548 sum
206 1489 278 1543 100.
295 1479 411 1560 reliqua
424 1479 550 1555 desunt,
563 1484 628 1541 cnm
638 1484 725 1561 seqq.
741 1489 770 1542 et
783 1479 812 1540 in
826 1478 971 1542 Passieno
979 1478 1130 1554 Vincentii
1143 1480 1260 1541 demum

125 1576 231 1659 incipit
255 1594 286 1638 v.
306 1579 386 1666 539.
413 1573 443 1636 lu
460 1573 665 1636 Psichomach.
693 1595 756 1637 av.
785 1579 858 1636 283.
878 1574 1086 1636 desiderantur
1108 1593 1202 1654 usque
1224 1573 1260 1635 ad

125 1695 156 1735 v.
176 1677 250 1734 531.
274 1668 322 1731 uhi
348 1667 655 1752 textosprogrcditur
678 1669 715 1731 ad
730 1691 760 1731 v.
781 1674 854 1730 641.
869 1661 983 1731 'cetera
998 1667 1107 1731 absunt
1120 1667 1257 1730 omnino.

125 1767 193 1832 Lib.
207 1773 238 1828 2.
255 1764 286 1826 in
301 1761 595 1848 SYmmaclt..versus
608 1763 716 1827 absunt
731 1763 853 1826 circiter
867 1770 938 1838 348.
957 1763 1097 1826 nimirum
1110 1785 1127 1825 a
1139 1785 1170 1826 v.
1183 1771 1257 1827 714.

126 1860 216 1922 adv.
244 1864 358 1922 1062.'
384 1857 540 1941 singulare
564 1869 662 1920 autem
687 1858 743 1921 hoc
765 1857 853 1920 hahet
874 1869 964 1940 atque
989 1857 1131 1919 eximium
1156 1857 1261 1920 Codex

125 1952 300 2036 bongarsii,
325 1951 375 2033 qui
395 1952 500 2034 liguris
520 1951 669 2014 illustrata
693 1953 732 2015 sit
754 1951 996 2016 Psichomachia:
1024 1971 1080 2032 quo
1098 1949 1209 2012 lumine
1230 1961 1261 2013 et

22 2057 25 2064 ⁴
126 2047 301 2109 emblemate
316 2045 469 2108 tessellato
487 2045 536 2108 alii
553 2045 691 2123 Codices,
710 2065 786 2129 quos
801 2047 904 2108 videre
920 2045 1062 2128 contigit,
1081 2053 1152 2107 sunt
1168 2044 1260 2107 desti-

126 2137 245 2216 tuti.²⁴)
278 2139 357 2218 Quas
373 2138 425 2200 tibi
442 2149 559 2216 autem,
585 2139 807 2222 elegantissime
831 2151 860 2201 et
876 2139 971 2201 oannis
988 2138 1182 2220 antiquitatis
1199 2137 1260 2200 cal·

125 2236 291 2299 lentissime
308 2233 456 2310 Grutere,
474 2234 576 2297 laudes
592 2245 752 2318 gratesque
769 2237 886 2298 dicam?
908 2236 956 2318 qui
973 2235 1117 2298 lectiones
1134 2233 1259 2296 Varian-

126 2345 190 2408 teS,
215 2353 255 2394 ex
282 2331 390 2393 Codice
414 2330 535 2415 antiquo
557 2329 731 2393 Monasterii
750 2331 933 2412 Egmondani
957 2331 993 2392 ad
1019 2351 1101 2392 oram
1125 2329 1167 2390 tui
1190 2327 1257 2389 libri
1293 2327 1297 2331 ’

125 2424 331 2509 consignatas,
350 2425 454 2486 lubens
470 2423 634 2505 volensque
651 2417 888 2505 communicasti.
919 2423 1045 2500 Necte,
1063 2420 1256 2496 llittershusi‚

124 2521 179 2584 Vir
200 2520 283 2582 omni
303 2517 390 2582 lande
414 2523 445 2578 et
473 2529 595 2600 propter
620 2517 820 2598 iutegritatem
853 2522 883 2579 et
905 2525 1045 2578 summam
1070 2514 1258 2596 'prudentiam

125 2612 321 2699 dignissime,
352 2609 437 2672 cuius
464 2609 591 2692 scripta,
623 2611 729 2691 quihus
752 2609 825 2673 nihil
849 2609 980 2675 limatius
1009 2629 1106 2695 neque
1135 2608 1257 2686 cultius,

124 2720 280 2774 auctorem
295 2726 381 2768 suum
397 2705 472 2788 apud
490 2714 764 2788 exterosquostpoe
776 2705 965 2780 doctissimos
973 2705 1063 2768 Viros
1078 2723 1260 2786 magnopere

125 2804 347 2878 commendant,
365 2801 530 2884 praeterire
547 2803 603 2866 Fas
620 2803 728 2884 lusque
744 2802 819 2865 sitit.
844 2801 908 2864 'lua
925 2801 1075 2877 comitate,
1093 2819 1134 2877 ex
1150 2819 1258 2870 coenoa

123 2897 173 2960 hio
195 2893 490 2959 Fontis-Salutaris
516 2895 584 2956 sive
607 2894 854 2958 Heilsbrounen'si
886 2893 1074 2957 membranas
1101 2894 1137 2956 ad
1160 2911 1257 2956 meum

124 2989 295 3074 inpetrasti
317 3009 427 3065 usnma
451 2985 533 3069 quib.
559 2987 721 3050 Ymnarius
744 2989 779 3049 de
797 2997 946 3070 ternpore,
972 2998 1001 3052 et
1017 2987 1061 3051 lte
1077 2987 1189 3049 sanctis
1205 3006 1259 3069 per

124 3097 219 3150 totum
242 3104 373 3159 anunm,
396 3083 619 3156 continebatur.
644 3083 693 3146 Ex
709 3081 842 3166 Collegie
865 3083 902 3144 ad
924 3081 1165 3144 Portam-Caeli
1187 3081 1258 3144 Am·
1340 3077 1342 3082 ’

124 3181 305 3267 poloniauo,
322 3178 399 3261 quod
415 3178 573 3241 Erlordiae
589 3190 647 3256 est,
662 3177 807 3240 beneficio
823 3176 1029 3241 humanissimi
1045 3178 1104 3244 tta.
1121 3177 1162 3240 M.
1182 3173 1258 3240 ller-

124 3278 227 3343 manni
242 3276 389 3350 Lindsui,
415 3284 582 3358 proxeneta
605 3284 635 3335 et
655 3273 774 3357 porario
790 3272 933 3354 Ampliss.
950 3271 1025 3334 Viro
1040 3274 1078 3334 D.
1096 3271 1256 3354 Henningo

123 3376 335 3449 Reunemano,
361 3369 431 3434 lCto
446 3369 661 3443 celeberrimo,
685 3371 789 3433 Amico
805 3369 1108 3446 benevolentissimo,
1135 3365 1257 3429 Psicho-

124 3466 260 3530 naachiae
273 3463 427 3548 exemplar
435 3463 671 3526 vetustissimum
688 3457 738 3538 εἷς
750 3467 865 3550 χρῆσιν
882 3483 947 3524 sum
961 3462 1095 3546 adeptus.
1114 3461 1256 3524 ludicium

123 3571 225 3624 antem
248 3558 362 3642 primus
385 3559 499 3618 lecerat
520 3556 620 3618 lustus
642 3556 871 3638 Zinzerlingus,
903 3557 959 3620 Vir
980 3557 1060 3620 raris
1090 3556 1204 3639 ingenii
1227 3566 1258 3620 ct

123 3655 278 3720 doctrinae
294 3651 477 3714 ornamentis
493 3651 650 3740 excultus,
676 3673 754 3715 nunc
769 3649 862 3714 iulula
880 3651 1017 3714 lCtornm
1034 3673 1149 3714 summa
1166 3672 1269 3714 orna·-

122 3761 194 3829 tusa
217 3749 301 3812 cuius
324 3766 440 3832 quoqne
461 3743 717 3808 commendatione
746 3746 829 3829 caepi
851 3745 929 3808 hune
955 3757 1111 3809 auctorem
1132 3747 1259 3828 diligere

122 3843 214 3908 velle.
232 3834 358 3925 μεγάλη
372 3833 468 3924 χάρις
483 3830 586 3924 αὐτῷ.
608 3839 632 3902 Ε
646 3839 986 3909 Fuldcnsillibliotheoa
1002 3839 1257 3904 Psichomechiom

191 4013 237 4075 2l)
257 4012 382 4062 Siuneros
397 4012 413 4061 l.
429 4012 447 4062 l.
467 4028 492 4077 p.
509 4014 556 4064 167
578 4012 609 4062 dc
628 4013 717 4062 codice
737 4011 912 4074 bongarsiano
932 4011 1003 4075 agit,
1018 4023 1125 4077 eumque
1138 4025 1191 4062 see.
1207 4009 1252 4062 tx,

123 4084 246 4149 scriptum
259 4085 341 4147 putat.
363 4079 422 4130 Post
435 4081 562 4146 epilogum
572 4097 596 4148 p.
615 4081 676 4132 loe:
700 4080 790 4145 „Finit
805 4080 944 4131 Praelatio.
960 4079 1086 4146 lucipinut
1105 4081 1176 4130 tituli
1197 4079 1257 4130 libri

124 4150 253 4204 Maenalis
267 4151 373 4200 Amneni
385 4149 507 4215 Exceptis
527 4165 589 4216 quos
607 4151 724 4216 personis
737 4148 903 4200 Tetrasticha
922 4150 1083 4212 claudunt,“
1109 4155 1171 4216 etp.
1190 4149 1255 4199 170:

124 4221 184 4284 „Ad
198 4218 424 4286 Psycbomachiaau
438 4221 521 4284 pictae
534 4227 593 4268 sunt
606 4221 693 4269 icones
706 4219 818 4268 barbare
831 4219 896 4270 setis
904 4256 912 4282 ,
926 4219 970 4268 sed
983 4213 1258 4285 propterttdtiquitatis

124 4289 237 4408 'adipum
252 4301 303 4406 arout
315 4289 540 4384 pputerupueudac.
560 4288 598 4337 hd
608 4286 758 4357 Martyrium
767 4287 873 4340 llomani
887 4287 963 4338 etiam
974 4293 1001 4337 et
1010 4286 1126 4338 Cassiani
1139 4287 1316 4353 pi‘ctusacw
1445 4333 1449 4338 .

124 4372 138 4407 a
175 4371 312 4408 raesuu.

1007 4440 1045 4503 c*
