3054 4820
147 305 218 356 CAP.
236 302 280 355 lll.
299 301 342 352 ul}
356 298 525 352 conlctetts
539 297 613 350 MSS.
634 297 676 350 dr
690 295 899 350 dntntolttutts
913 301 1102 356 rnuuuduu.
1171 309 1237 352 xxv

116 473 171 536 sed
189 471 330 556 ‘deinceps
351 469 504 536 tractando
526 467 707 552 colendoque
734 468 858 534 reddere
880 470 917 539 iis
941 491 975 536 ee
999 477 1060 539 oris
1083 487 1114 538 et
1135 479 1236 542 vultus

116 569 374 632 delineamenta.“
413 568 492 632 Idem
515 566 571 630 sibi
594 569 677 644 vult,
700 569 777 650 quod
802 570 891 636 Fidus
912 569 1084 654 optatusffl)
1109 575 1144 636 de
1168 595 1237 637 eor-

116 675 234 729 rectura
251 665 374 748 quadam
390 665 421 726 in
429 663 569 726 Aeneidis
584 662 684 724 codiee
699 685 788 726 manu
803 663 896 746 ipsius
904 664 1022 748 Virgilii
1036 669 1114 730 faeta
1129 670 1234 732 refert.

118 760 172 840 Qui
188 761 281 845 igitur
302 761 386 824 oodd.
405 759 627 836 deseribebant,
653 758 752 821 varias
774 759 949 843 autographi
969 762 1111 826 lectiones
1127 763 1237 844 passim

116 856 250 940 adpiotas
271 856 328 938 ipsi
352 857 446 918 textui
471 857 547 918 forte
563 865 614 918 aut
629 866 732 937 sponte
747 856 953 935 insinuabant,
980 879 1037 941 quo
1053 859 1160 920 foetum
1178 869 1234 932 est,

116 964 149 1015 ut
162 951 313 1036 primitiva
337 960 441 1035 poetae
464 952 540 1014 diota
564 951 675 1014 sensim
691 971 745 1016 suo
761 952 827 1014 loeo
844 955 995 1016 oederent.
1034 952 1090 1016 Ast
1104 953 1170 1014 uod.
1188 973 1237 1016 ar·

117 1049 273 1132 ebetypum
298 1047 416 1110 scholiis
437 1046 676 1110 interlinearibus
700 1048 862 1130 praeditum
879 1049 983 1126 luisse,
1008 1061 1040 1113 nt
1056 1045 1235 1129 Obbario¹¹)

116 1144 253 1221 videtur,
272 1144 335 1206 eius
351 1143 393 1206 rei
411 1141 514 1206 nullibi
530 1141 668 1204 indicium
685 1153 741 1206 est.
782 1142 973 1227 lnterpolatio
988 1167 1063 1208 vero
1086 1165 1152 1208 eum
1169 1163 1237 1206 eoe-

115 1241 219 1323 pisset,
238 1239 405 1303 seculorum
422 1239 548 1301 deoursu
565 1259 721 1322 progressu
738 1250 783 1301 est
795 1259 832 1302 eo
848 1261 953 1322 usque,
972 1251 1005 1304 ut
1017 1261 1057 1304 ex
1071 1238 1144 1315 illis,
1162 1259 1239 1324 quae

115 1344 220 1396 extant
243 1331 359 1412 seriptis
381 1332 580 1394 monumentis
604 1331 763 1412 genuinum
785 1330 938 1396 Prudentii
962 1345 1076 1396 textum
1101 1336 1238 1400 omnibus

114 1427 248 1489 numeris
269 1427 433 1489 absolutum
450 1426 600 1488 enucleari
621 1437 707 1508 atque
724 1426 910 1509 repristiuari
932 1449 1020 1512 posse
1036 1430 1089 1502 pix
1105 1431 1235 1494 credam.

113 1521 231 1582 Etenim
257 1521 287 1583 in
310 1520 445 1584 omnibus
461 1521 568 1597 codd,
593 1521 670 1602 quod
687 1521 748 1584 seio
759 1516 810 1601 ¹²),
835 1524 964 1586 secunde
979 1545 1084 1588 manus
1100 1525 1240 1588 emenda·

113 1617 175 1679 trix
198 1616 361 1680 invenitur.
401 1617 457 1695 Sed
487 1619 546 1680 iam
575 1616 605 1678 in
629 1615 822 1680 recensendis
851 1617 1032 1683 editionibus
1055 1621 1091 1683 de
1112 1621 1239 1703 singulis

113 1711 209 1773 dicam
226 1711 392 1786 cortulus,
410 1711 513 1794 quibus
530 1710 595 1773 nixi
611 1711 667 1772 viri
684 1710 762 1772 dooti
776 1710 843 1773 illas
859 1723 1053 1794 paraverunt,
1071 1735 1132 1778 non
1147 1713 1239 1778 omis-

113 1825 213 1882 surum
232 1805 282 1886 qui
298 1814 450 1888 praeterea
467 1806 616 1870 mentione
633 1805 712 1888 digni
731 1803 921 1869 videbuntur.
1001 1819 1005 1828 ⁴

201 1934 231 1990 2.
258 1930 424 1994 Febm'oius
439 1930 470 1992 in
486 1929 557 1993 bibl.
575 1939 636 1991 vet.
655 1929 707 1991 lat.
732 1929 890 1994 editionem
906 1930 1060 2008 Prudentii
1076 1953 1110 1996 se
1126 1933 1239 1998 vidisse

113 2031 243 2085 testatur
262 2027 330 2087 seire
345 2027 413 2088 loeo
437 2035 563 2087 otorano
587 2026 700 2086 formae
725 2031 763 2101 4,
790 2046 865 2106 quae
881 2029 989 2091 ueteris
1005 2028 1140 2092 omnibus
1157 2030 1239 2113 prior

112 2135 180 2178 esse
195 2115 326 2180 videtur.
356 2118 390 2181 In
406 2118 486 2180 ealce
503 2117 584 2199 leg:
614 2119 696 2179 Aur.
719 2115 816 2181 Clean.
834 2115 1004 2184 Prudentia·
1023 2143 1120 2206 opere
1139 2123 1240 2184 lector

113 2211 170 2273 boe
186 2213 295 2275 ordine
311 2215 462 2298 depresso
475 2215 622 2276 invenies.
640 2211 778 2276 Primum
793 2215 825 2276 in
841 2225 1005 2300 utrumque
1023 2227 1237 2280 tastamentum

116 2307 312 2371 tetrasticho.
351 2309 476 2372 Dee'nde
500 2329 584 2382 eum,
617 2329 705 2393 quem
728 2309 766 2370 de
789 2308 953 2374 dioim'toto
976 2313 1088 2374 librum
1110 2313 1241 2396 sempsit

113 2399 359 2488 apotheosoieque
376 2403 524 2466 titulavit.
551 2401 800 2486 Pepoleomoelte'o
815 2405 967 2488 sequitur.
993 2405 1239 2490 Homorte'geoio

114 2493 163 2558 dis
177 2505 265 2558 recto
277 2497 387 2560 ordene
403 2497 543 2560 additur.
562 2495 814 2580 Perz'stepbonon
829 2496 986 2576 subditur,
1003 2501 1049 2561 ee‘o
1062 2502 1140 2562 enim
1157 2500 1240 2564 liber

109 2611 230 2674 graece
245 2593 290 2654 od
300 2596 486 2680 martyrium
508 2591 704 2656 inscribitur.
744 2592 902 2655 Diodorou
923 2615 996 2658 uero
1012 2595 1109 2671 libro,
1133 2601 1190 2683 qut
1208 2607 1241 2662 et

113 2684 347 2750 oethemerinon
369 2687 487 2750 dieitur
508 2697 540 2751 et
559 2708 612 2766 eo,
640 2707 727 2772 quern
749 2697 860 2750 eontra
876 2685 1088 2772 Symanaebem
1105 2691 1239 2754 idololo·
1315 2737 1318 2758 .

113 2779 207 2840 triam
223 2779 437 2862 defeodentem
451 2781 597 2864 sorpsit,
626 2780 741 2864 peloro
763 2790 795 2843 et
815 2791 901 2843 recto
923 2782 1034 2846 ordene
1050 2794 1146 2847 totum
1162 2805 1239 2869 opus

113 2881 325 2935 consumatur.

198 2976 371 3060 Augustae
394 2975 632 3042 Vindelicorum
654 2973 762 3038 Finem
785 2973 1048 3060 Humortigeaee‘oe
1069 3001 1136 3044 oum
1158 2977 1238 3066 Pup·
1248 2995 1289 3040 do.
1301 2999 1362 3044 1470.

113 3068 298 3132 odomaede’e
312 3091 363 3132 an.
384 3077 464 3132 1470
480 3069 615 3152 prodisse
630 3067 805 3152 Ludwigius
821 3068 904 3132 solus
920 3081 1076 3134 memorat.

198 3170 268 3236 Non
291 3171 451 3254 ambigitur
472 3171 507 3234 de
530 3171 576 3234 ed.
603 3171 797 3234 Dooentre'oe
820 3193 850 3234 a.
872 3179 951 3236 1492
969 3175 1044 3258 (uon
1059 3197 1088 3240 a.
1111 3183 1189 3240 1495
1206 3186 1240 3240 ut
1257 3199 1318 3244 laen.

113 3270 206 3330 Arev.
233 3267 397 3332 Giselinum
419 3289 479 3330 non
501 3267 672 3351 intelligens
693 3267 726 3329 in
746 3268 881 3352 prolegg.
907 3291 936 3352 p.
957 3277 997 3333 79
1019 3272 1097 3334 male
1119 3294 1239 3358 eompu-

114 3357 236 3446 tat)¹⁸).
261 3402 302 3411 —
325 3363 455 3428 Viotore'
475 3362 612 3427 Ge'selz'oo
635 3383 742 3426 novam
766 3365 917 3430 Prudentii
940 3365 1099 3430 editionem
1123 3368 1241 3454 parenti

186 3569 228 3636 10)
248 3569 304 3621 cn.
319 3568 387 3621 Gell.
402 3568 434 3620 N.
449 3571 479 3621 t.
496 3569 567 3637 11,3,
582 3573 607 3622 5.

185 3657 228 3722 11)
247 3655 363 3721 Prolegg.
378 3673 403 3723 p.
417 3654 525 3708 xxvu.

113 3813 146 3863 44
176 3741 228 3862 tll)
247 3741 363 3794 Puteano
381 3742 512 3794 mirandae
531 3745 668 3796 vetustatis
687 3745 825 3810 exemplari
844 3760 892 3796 non
912 3753 1018 3812 exeepto
1037 3754 1066 3798 ut
1084 3747 1161 3802 Ceth.
1182 3748 1241 3815 Vll,

159 3827 174 3862 e
188 3827 211 3862 e.

187 3899 230 3965 13)
250 3899 327 3950 Febr.
342 3900 360 3951 l.
374 3901 392 3950 l.
409 3908 435 3952 et
448 3899 573 3952 Maittair.
594 3904 700 3968 (dunel.
714 3911 814 3973 typogr.
829 3903 848 3967 l,
862 3921 888 3970 p.
902 3903 945 3972 99)
961 3905 1114 3972 loquuntur,
1134 3911 1239 3975 perinde

115 3968 190 4036 qnasi
204 3969 246 4019 ed.
261 3967 456 4020 Deventrieosis
469 3986 494 4021 a.
511 3972 575 4022 1472
588 3980 667 4024 extet.
698 3973 723 4024 ld
740 3975 790 4024 iem
809 3989 881 4022 nemo
893 3974 984 4026 eredit.
1000 3973 1099 4026 Prodilt
1111 3987 1195 4028 utitem
1209 3993 1239 4028 ee

116 4037 275 4090 hauddubie
296 4054 335 4104 ep.
358 4038 526 4090 Ile'ederdum
537 4042 667 4106 Peffroot.
685 4043 759 4103 1492,
774 4044 797 4092 4.
817 4043 905 4092 llbert.
920 4043 998 4109 (Bibl.
1015 4044 1080 4106 lex.)
1094 4063 1141 4096 non
1155 4061 1239 4097 raram

115 4109 179 4158 diett
193 4107 225 4157 ad
238 4107 343 4158 lavone·
354 4109 395 4160 ed.
412 4109 533 4160 Daveotr.
549 4109 583 4176 (l,
597 4127 621 4177 p.
635 4111 697 4176 928)
711 4113 772 4162 haee
786 4112 927 4162 ednotaos:
940 4113 997 4163 Dua
1011 4113 1093 4163 letete
1107 4116 1177 4165 bleso
1189 4117 1245 4182 ores

116 4177 166 4228 der
184 4175 328 4228 nucleae«
346 4177 490 4228 bedruodte
508 4179 586 4230 elate
604 4180 656 4243 (ed.
680 4179 795 4248 luvenoi)
816 4180 924 4232 eotdd'lt
947 4185 988 4231 ein
1007 4183 1167 4248 &pigrorum
1189 4201 1238 4234 oon

115 4247 208 4298 Herm.
233 4246 341 4297 Boset.-
361 4245 461 4311 galdet
487 4250 629 4314 oigaotlt'ed
648 4265 680 4299 zu
701 4250 834 4301 desselben
853 4249 989 4302 Druokare
1014 4253 1155 4317 Ausgoben
1179 4269 1239 4304 vom

14 4365 18 4392 b
119 4315 356 4368 Prudentduaund
367 4316 498 4368 Sedaliue.
