3020 4832
436 378 439 384 Ι
538 289 807 353 diadumenum.
844 307 860 322 ·”
883 305 885 310 “

190 485 263 546 dum
280 498 377 556 renas
392 473 566 558 spondentis
582 485 667 548 humi
683 491 846 548 scrutatur
860 483 964 562 inepta
1050 561 1053 566 ¹

188 579 318 645 ambitio
334 579 477 652 scalpens
493 581 626 640 naturae
640 579 763 641 occulta
778 581 917 656 latentis,
936 637 945 642 ..
1140 567 1142 572 ’

190 673 218 733 si
234 674 347 749 pninns
362 673 394 732 in
412 672 511 732 toreis
526 672 686 734 radiantes
701 675 784 735 torte
799 674 922 750 lapidos

189 766 303 827 rimata
318 766 471 828 inveniat.
496 763 565 827 Nec
582 766 663 826 enirn
681 771 826 850 contenta
841 768 953 830 decore
1175 827 1179 834 ,
1207 823 1209 828 .

108 861 111 867 “
189 862 331 936 ingenito
348 865 509 921 externam
527 861 676 921 mentitur
692 862 805 923 semina
824 862 967 924 sormam.
1184 878 1234 929 265

189 952 237 1015 Ac
252 956 340 1016 velut
355 956 485 1031 artificis
502 951 625 1016 Domini
642 970 753 1016 manus
769 958 976 1031 inperfectum

189 1064 225 1110 os
242 1050 373 1125 dederit,
391 1053 472 1127 quod
489 1053 589 1132 adhuc
606 1066 657 1112 res
673 1039 852 1128 ex'igataut
867 1053 1044 1128 hyacinthis

189 1146 320 1228 pingere
335 1147 480 1208 sutilibus
496 1146 658 1208 redimitae
674 1147 787 1208 frontis
804 1147 835 1208 in
852 1161 935 1225 arce,

189 1239 270 1299 cotia
286 1239 336 1299 vel
352 1240 462 1314 ignitis
478 1240 601 1300 sincera
617 1240 779 1316 incingere
795 1241 901 1316 sertis,

189 1335 319 1394 auriens
335 1339 390 1395 ant
405 1336 544 1410 gravidis
560 1336 676 1396 virides
693 1331 882 1410 suspendere
899 1337 1003 1412 uaeas,
1185 1351 1244 1402 ιιιΔ

185 1431 326 1491 nectitur
341 1435 371 1490 et
388 1431 493 1491 nitidis
509 1431 698 1492 concharum
714 1431 854 1492 calculus
869 1430 978 1491 albens

189 1527 328 1587 crinitus
345 1527 543 1601 aureolisque
557 1527 641 1600 riget
657 1541 745 1586 corna
760 1530 847 1587 texta
864 1528 996 1588 catenis,

190 1616 313 1680 Taedet
326 1619 498 1694 sacrilegas
514 1623 649 1680 matrum
666 1634 849 1695 percurrere
865 1634 971 1695 curas,

191 1714 373 1774 muneribus
390 1713 494 1774 dotata
511 1711 568 1774 Dei
584 1729 665 1789 qnae
679 1716 832 1790 plasmata
848 1715 921 1775 inco

191 1809 347 1884 indcium,
367 1813 404 1870 ut
417 1811 587 1885 pigmentis
602 1812 684 1871 cutis
699 1809 913 1887 inlitaperdat
973 1841 976 1848 ι
1061 1859 1065 1866 .
1186 1821 1235 1872 275

190 1902 272 1976 quod
289 1902 403 1976 inerat,
422 1903 501 1964 iaiso
517 1919 578 1964 non
593 1905 791 1979 agnoscenda
808 1904 924 1964 coiere.
959 1979 963 1986 μ

191 1994 277 2057 Haec
293 2010 390 2056 sexus
406 1998 485 2058 male
501 1998 592 2059 sortis
607 2001 685 2074 agit,
704 2000 756 2060 cni
771 2002 897 2076 pectore
912 1998 944 2056 in
960 2001 1030 2058 arto

190 2103 279 2149 mens
296 2089 420 2164 fragilis
436 2091 520 2152 taciti
536 2093 685 2154 vitiorum
701 2093 832 2162 ductuat
846 2094 948 2151 aestu.

259 2180 363 2263 Quid?
379 2185 459 2272 qnod
477 2185 590 2271 etipse
605 2189 699 2262 capnt
714 2187 873 2247 muliebris
888 2183 1029 2259 corporis
1045 2187 1077 2244 et
1091 2195 1160 2260 rex,
1186 2247 1188 2252 ,

191 2278 245 2354 qui
261 2281 345 2354 regit
358 2265 667 2356 mvatidam'proprta
684 2281 722 2341 de
737 2296 830 2341 earne
845 2285 1000 2349 resectam
1178 2289 1236 2366 teo
1344 2339 1347 2344 .

191 2365 389 2449 particulam,
407 2375 460 2448 oui
476 2389 531 2435 vas
548 2379 689 2437 tenerum
706 2375 823 2435 ditione
838 2375 1004 2450 gubernat,

191 2468 327 2530 solvitur
342 2470 374 2529 tn
389 2470 499 2536 luxum
510 2495 530 2530 :v
544 2485 655 2532 cernas
670 2471 853 2532 mollescere
868 2471 957 2531 cultu

193 2564 305 2624 heroas
320 2565 455 2640 vetulos,
475 2566 580 2640 opiten
597 2567 711 2641 quinus
727 2580 837 2641 aspera
854 2564 992 2624 membra

193 2657 328 2718 tinxerat
342 2662 374 2718 et
389 2659 507 2734 rigidos
524 2660 692 2721 duraverat
706 2659 831 2731 ossibus
848 2663 949 2719 artus.

193 2747 255 2816 Sed
270 2753 365 2828 pudet
379 2768 449 2814 esse
464 2754 562 2829 viros,
581 2758 737 2828 quaerunt
751 2753 921 2815 vanissima
937 2767 1091 2830 quaeque,
1186 2766 1237 2816 285

193 2849 264 2922 onis
280 2849 411 2925 niteant,
428 2849 565 2924 genuina
581 2849 668 2910 leves
684 2853 721 2911 ut
735 2852 846 2912 robora
863 2849 1004 2912 solvant:
1028 2895 1031 2902 .
1060 2857 1067 2868 ··
1295 2857 1297 2862 ·

177 3035 237 3087 261.
260 3038 327 3087 Cum
341 3035 372 3087 E.
495 3038 556 3088 262.
573 3038 697 3102 sculpens
711 3037 787 3100 Prag.
916 3033 1123 3102 265.'Ingem'ta
1137 3036 1167 3088 E.

145 3105 209 3155 268.
237 3106 381 3156 subtilibus
402 3104 437 3170 R,
456 3106 629 3170 sculptilibus
648 3106 712 3156 dra:
729 3106 809 3169 Lugd.
829 3104 960 3156 Sieh.tres
979 3103 1056 3155 Febr.
1079 3105 1137 3156 Gis.
1158 3104 1236 3156 Chor.

104 3173 193 3224 Poett.
207 3174 303 3223 Arnstr.
385 3175 444 3225 269.
457 3175 544 3226 ιοὶἱὶε
557 3193 581 3243 p.
596 3181 677 3225 certis
692 3175 766 3238 Prag.
781 3190 821 3242 ap.
836 3173 902 3224 Mar.
981 3175 1040 3224 271.
1054 3173 1164 3224 Nititur
1177 3192 1203 3226 ιι.

213 3243 275 3291 272.Ι
292 3244 370 3294 rodet
383 3243 401 3292 a
414 3260 454 3309 ap.
470 3243 577 3308 Heins.;
596 3260 666 3292 noxa
680 3248 782 3294 catenis
803 3244 870 3292 coni.
887 3241 974 3292 Heius.
990 3242 1054 3292 nav.
1068 3258 1092 3307 p.
1109 3242 1167 3292 172.

141 3311 207 3360 273.
227 3311 311 3360 Edita
324 3327 395 3362 sacr.
411 3315 431 3362 Α
445 3311 497 3362 dr
509 3313 571 3376 ¹(non
587 3312 706 3372 Weiss).
812 3312 872 3362 274.
887 3310 995 3360 euco'fl.
1097 3311 1156 3359 275.
1174 3313 1238 3374 pig-

104 3378 244 3430 menttcA
259 3379 276 3429 Ρ
289 3377 323 3429 W
336 3396 411 3446 snpra
431 3380 520 3446 scripti
533 3381 636 3430 Heinss.
653 3381 750 3432 Weiss.
765 3397 783 3428 u
796 3395 810 3429 a
824 3396 846 3429 m
867 3383 923 3445 (pre
938 3378 988 3427 div.
1009 3377 1098 3443 script.
1113 3378 1144 3426 ad
1159 3381 1239 3441 oram)

106 3465 124 3498 ιι
138 3448 228 3498 Heius.
248 3448 314 3498 ceu.
330 3452 406 3500 Arev.
420 3449 486 3500 odo.
501 3448 568 3517 [Cim
580 3448 658 3516 2961,
671 3452 816 3514 figmentis
831 3447 864 3497 W
878 3449 953 3510 i’rap⁴
967 3461 990 3496 m
1001 3447 1059 3496 did.
1074 3446 1154 3510 Lugd.
1167 3446 1238 3496 sien.

108 3525 164 3567 tres
180 3516 254 3568 Fabr.
272 3516 326 3567 uis.
343 3517 439 3568 Weitz.
454 3519 529 3568 Chor.
546 3518 630 3569 Poett
646 3520 760 3585 Amstr:3
777 3517 873 3566 inolita
886 3533 912 3564 n.
1017 3515 1078 3564 277.
1098 3517 1125 3564 in
1138 3517 1193 3564 iano
1206 3511 1240 3566 W

110 3599 199 3652 supra.
304 3587 363 3636 280.
384 3593 516 3637 recoctum
529 3602 607 3650 supra
621 3591 789 3650 assumptam
805 3600 828 3634 ιι.
917 3582 976 3632 282.
990 3583 1136 3633 inolescere
1150 3585 1160 3634 l
1172 3584 1203 3634 Α.

155 3655 217 3704 286.
240 3655 319 3719 Quoia
331 3657 407 3705 Areu.
422 3656 511 3706 inritis
524 3656 617 3720 codd.;
636 3657 704 3709 lever
718 3656 737 3704 B
750 3653 771 3703 Ε
784 3652 806 3702 ii
821 3653 832 3701 1
847 3651 881 3702 W
895 3649 954 3700 dau
969 3668 986 3700 α
998 3667 1113 3718 utsupra
1126 3667 1172 3718 pro
1186 3653 1237 3708 div.

110 3723 201 3788 script.
222 3722 288 3772 Dav.
311 3721 366 3776 Gis.
381 3723 477 3774 Weitz.
501 3723 597 3776 Amstr.
613 3724 703 3774 Heins.
726 3721 791 3772 ced.
806 3722 884 3770 Aren·
905 3719 989 3783 oon,
1015 3719 1104 3770 lueri
1120 3723 1139 3770 0
1154 3721 1240 3772 etalii

110 3791 215 3842 iieinss.
231 3793 245 3842 2
259 3791 294 3842 W
307 3791 384 3842 Laur.
399 3791 497 3843 Weiss.
513 3793 571 3843 dat.
586 3794 674 3859 (supra
689 3807 733 3857 pro
753 3791 804 3839 div.
817 3789 918 3853 script.)
932 3803 946 3838 a
960 3803 982 3837 ιιι
994 3805 1010 3838 u
1031 3786 1069 3838 leo
1083 3789 1142 3839 nid.
1157 3789 1240 3855 Lngd.

110 3861 247 3912 Sieh.tres
261 3859 340 3910 Febr.
356 3861 432 3912 Cher.
448 3860 532 3912 Poett.
545 3861 652 3924 Cham.;
671 3862 760 3930 soluat
774 3858 794 3909 0
808 3857 828 3907 R
840 3857 871 3909 W
886 3855 965 3908 Lanr.
980 3874 1007 3922 u,
1025 3860 1129 3910 soiaent
1139 3859 1170 3914 Α.

162 4034 224 4082 260.
244 4029 374 4098 ornatus]
387 4031 496 4082 Tertnid.
518 4032 576 4082 inab.
591 4031 654 4082 mul.
699 4031 787 4080 Heius.
802 4030 834 4080 ad
847 4028 877 4079 C.
893 4029 951 4092 xit,
968 4031 1025 4080 173.
1034 4067 1041 4092 ,
1056 4029 1126 4078 etde
1140 4029 1240 4094 Vam-
1289 4053 1293 4060 ,

111 4103 263 4152 &cultum
280 4103 408 4164 dicimus,
428 4117 506 4166 quem
523 4102 656 4151 mundum
699 4100 795 4150 (iiber.
819 4099 954 4150 tid-Boetia.
970 4115 995 4164 p.
1012 4099 1077 4161 143,
1102 4104 1144 4159 et,
1167 4111 1241 4161 quem

109 4172 270 4220 muliebrem
282 4176 394 4233 vomat,
415 4175 557 4233 ornatum,
579 4185 656 4236 quern
700 4171 776 4220 Aren.
793 4169 890 4231 iaudat,
905 4167 1032 4219 Gnaecon.
1051 4166 1092 4216 del
1105 4164 1240 4216 ornatriei.

111 4245 139 4288 iu
149 4239 281 4289 anundum
293 4239 451 4288 mirreorum
461 4237 583 4289 convenit
593 4239 655 4288 diei.
701 4237 773 4288 Rom.
791 4237 865 4288 1775.

110 4307 148 4358 De
163 4309 324 4374 appositione
337 4323 397 4358 orn.
410 4308 469 4358 leno
488 4306 539 4356 vid.
555 4322 579 4357 v.
596 4307 656 4368 aad,
