3054 4820
432 298 504 352 CAP.
519 297 550 350 ll.
582 299 627 352 lili
640 299 820 354 tittttuuttrtt
834 301 1006 374 erunibus
1218 309 1274 352 xitt

141 464 274 553 geren).
316 469 359 532 M.
386 469 484 536 Varro
506 465 639 556 ¹satyram
663 470 818 556 inscripsit
838 468 1034 556 Σκιομαχία
1053 475 1144 558 (Geli.
1171 477 1208 541 N.
1223 478 1270 540 Ἀ.

143 562 363 646 astituat).
700 613 703 620 .
802 597 803 604 ι
847 561 849 566 ’

224 656 491 742 Psycbomaobiam
529 659 586 722 duo
620 660 743 724 Contra
772 659 987 744 Symmachum
1018 663 1086 726 libri
1116 665 1272 748 compositi

139 751 314 834 excipiunt,
350 751 399 833 qui
420 752 456 814 ab
473 752 702 830 Valentiniano,
727 752 917 832 Theodosio,
940 754 1070 820 Arcadio
1086 757 1179 840 impp.
1198 758 1273 841 peti·-

139 858 244 926 verat,
262 857 296 910 nt
312 845 466 910 Victoriae
482 868 534 911 ara
554 849 585 914 in
602 847 692 912 Curia
707 839 935 928 restitueretur,
960 872 1045 933 quam
1063 873 1079 916 a
1095 852 1272 926 Constantio

138 957 301 1023 semotam,
333 964 350 1006 a
377 943 490 1006 iuliano
517 942 904 1012 instauratam'Gratianus
930 946 1061 1010 funditus
1091 949 1185 1011 everti
1209 948 1272 1010 ius-

138 1035 280 1120 serat²⁷).
307 1037 404 1100 Priori
419 1048 518 1100 autern
533 1036 609 1100 libro
627 1037 825 1120 paganitatem
837 1040 958 1102 omnino
971 1042 1208 1124 vilipendendum
1221 1043 1272 1104 de-

139 1145 298 1210 monstrat,
316 1131 478 1216 posteriori
495 1131 612 1216 singula
626 1131 795 1217 Symmachi
812 1133 890 1196 dicta
905 1135 1044 1202 refellere
1061 1132 1248 1220 conatur²⁸p
1300 1217 1302 1220 Ι

223 1223 349 1293 Sextum
366 1239 413 1290 est
426 1228 677 1314 Pcrhtcphoooa
693 1228 759 1306 lib.‚
778 1230 862 1293 cuins
879 1232 1007 1315 singulis
1022 1233 1134 1317 singuli
1151 1235 1269 1317 hymnis

137 1326 224 1390 laude
240 1323 447 1402 celebrantur,
475 1324 525 1405 qui
548 1333 714 1408 martyrum
730 1345 871 1388 coronam
896 1325 953 1390 sibi
975 1325 1211 1408 morimundi).

206 1496 252 1559 26)
269 1493 461 1563 llliddcldcrpfio
475 1495 505 1562 (l.
521 1497 539 1547 l.
555 1495 575 1560 l,
592 1495 635 1562 ll)
650 1513 698 1562 qno
712 1496 840 1547 referatur
853 1497 878 1547 in
893 1497 986 1562 prael,
1003 1513 1051 1548 non
1066 1500 1154 1565 liquet.
1180 1499 1270 1566 Neque
1316 1531 1318 1536 ·

139 1563 203 1614 (tbb.
216 1565 247 1614 de
260 1580 290 1614 ea
302 1565 388 1615 dicere
400 1565 485 1628 babet,
501 1581 568 1630 quae
580 1565 759 1636 satisfaciant:
776 1565 921 1630 „Quartum
936 1575 1027 1633 poetae
1039 1582 1141 1618 carmen
1154 1569 1272 1635 Psycha-

138 1635 245 1682 mucha'u
258 1641 381 1696 vocatur,
402 1635 426 1683 in
442 1650 489 1699 qno
503 1641 560 1699 post
572 1635 671 1697 longum
685 1649 794 1701 pugnum
808 1635 872 1684 vitia
885 1636 1022 1684 vincuntur
1034 1643 1060 1684 et
1074 1635 1184 1687 virtutes
1198 1653 1271 1702 snpe-

139 1703 222 1751 riores
242 1702 385 1753 discedunt.
418 1701 500 1768 Quod,
520 1719 575 1752 cum
594 1703 619 1752 in
639 1719 669 1752 eo
687 1701 831 1762 catholicae
850 1704 982 1754 doctrinae
1001 1703 1166 1755 fundamenta
1180 1705 1269 1768 insint,

138 1778 164 1821 et
177 1771 261 1834 magni
275 1771 357 1820 rnedio
371 1786 434 1820 aevo
448 1772 609 1821 aestimatum
624 1779 673 1834 est,
689 1779 714 1822 et
728 1788 794 1822 nunc
807 1787 904 1842 quoquc
916 1787 930 1822 a
944 1772 1076 1822 catholicis
1090 1774 1193 1840 saepius
1207 1773 1272 1836 legi-

138 1840 201 1888 tur“
222 1839 349 1903 (prolegg.
370 1855 394 1904 p.
409 1838 470 1904 Xl).
500 1840 627 1891 drevalus
646 1837 828 1904 quodammodo
851 1837 1010 1906 praesagivit
1032 1857 1136 1905 verum,
1160 1842 1205 1891 sed
1224 1857 1271 1891 acu

139 1923 187 1958 non
207 1909 290 1971 tangit
309 1908 346 1973 (v.
362 1909 395 1958 39
413 1908 527 1973 praef.):
550 1907 696 1973 „Pugnare
711 1916 800 1960 contra
813 1909 951 1972 haereses,
975 1911 1125 1959 catholicam
1141 1910 1271 1960 discutere

138 1976 212 2026 fidem
226 1977 258 2026 ad
273 1978 457 2040 Apollineam,
471 1979 502 2027 ad
515 1979 767 2044 Humortogcaiom,
783 1985 809 2026 et
818 2014 826 2039 ,
847 1987 874 2028 ut
888 1993 933 2041 ego
947 1979 1047 2042 quidem
1061 1987 1138 2044 puto,
1160 1978 1191 2028 ad
1205 1980 1272 2045 Psy·

138 2046 484 2110 choraochr'am‘pertinet“
507 2046 634 2112 (prclcgg.
657 2063 681 2112 p.
703 2045 757 2111 41).
796 2045 921 2096 Primaevi
944 2047 1077 2096 christiani
1100 2047 1270 2110 gentilitatem

137 2115 211 2162 vitiis
226 2114 444 2179 aequiparabunt,
458 2115 568 2164 virtutes
582 2116 640 2164 novi
654 2115 765 2166 foederis
783 2109 909 2178 religioni.
937 2114 964 2164 ln
978 2115 1178 2182 l‘sycbomacbia
1193 2115 1273 2178 igitur

138 2183 259 2234 vitiorum
274 2183 400 2248 pravitate
419 2183 572 2244 gentilitatis
592 2199 675 2234 mores
698 2183 836 2244 labefacti,
858 2185 980 2234 virtutum
998 2183 1132 2249 splendore
1152 2185 1273 2234 christia-

140 2251 214 2300 nismi
234 2252 333 2314 gloriae
352 2252 509 2317 honoresque
529 2254 597 2302 inter
610 2253 696 2302 clades
716 2261 792 2318 atque
811 2253 935 2302 victorias
955 2252 1125 2304 delineantur.
1160 2253 1219 2302 Eam
1241 2253 1272 2300 ob

140 2334 193 2368 rem
206 2326 232 2368 ct
246 2321 365 2384 quoniam
379 2321 458 2369 multa
473 2325 496 2369 ei
510 2321 612 2384 insunt,
633 2337 697 2386 quae
711 2324 736 2371 in
751 2335 823 2370 nsum
837 2321 906 2370 vitae
926 2321 1142 2385 contemplativae
1156 2321 1272 2370 converti

139 2394 252 2453 queant,
273 2390 299 2438 id
312 2395 402 2454 poetae
423 2403 525 2439 carmen
539 2404 600 2454 prae
615 2390 710 2440 ceteris
727 2390 810 2439 medic
832 2404 896 2439 aevo
915 2404 929 2438 a
952 2389 1083 2439 monacbis
1104 2389 1271 2438 describendo

138 2457 335 2522 multiplicatum
351 2457 475 2508 videmus.
507 2456 532 2506 Si
552 2465 665 2524 satyram
678 2457 820 2523 paganismi
839 2456 1063 2522 Psycbomachiam
1083 2472 1140 2507 esse
1160 2465 1271 2519 statuas,

141 2525 227 2575 facilis
250 2532 291 2575 est
309 2542 380 2574 vocc.
396 2527 544 2578 Discordia
566 2534 676 2576 nostros
699 2527 828 2577 intrarat
848 2542 944 2575 cuncos
968 2541 992 2574 v.
1008 2526 1056 2576 683
1079 2525 1270 2590 interpretatio.

139 2593 275 2658 lnscriptio
289 2609 387 2660 quoque
401 2595 496 2646 codicis
511 2595 568 2647 Vat.
586 2595 651 2644 1439
665 2598 703 2658 (g)
714 2596 794 2646 Fides
806 2601 914 2661 paragant
932 2599 1029 2644 contro
1049 2599 1169 2644 veterum
1184 2596 1273 2644 calmi-

139 2679 200 2712 rom
213 2662 277 2728 (vid.
295 2670 348 2712 not.
363 2663 423 2713 crit.
438 2665 468 2713 ad
483 2679 508 2714 v.
523 2664 568 2730 21)
588 2664 676 2713 eodem
697 2664 817 2728 pertinet.
839 2689 869 2701 -·
893 2663 949 2712 Duo
972 2671 1056 2712 autem
1071 2671 1161 2712 contra
1175 2661 1270 2730 Symm.

140 2730 200 2781 libri
227 2739 279 2780 turn
304 2732 458 2782 intrinsecus
483 2733 664 2797 quodammodo
689 2748 744 2781 curm
771 2731 971 2800 psychomachia
1002 2732 1182 2782 cohaererent.
1223 2732 1270 2796 ap.

139 2800 259 2850 Gennad.
274 2800 291 2850 l.
307 2800 325 2850 l.
347 2809 388 2851 est
407 2801 474 2850 liber
491 2801 523 2850 dc
540 2801 738 2864 cotrpria'otr'oae
752 2805 852 2863 oao‘mi,
880 2800 1005 2866 sequioris
1026 2801 1082 2849 aevi
1103 2799 1273 2865 scriptoribus

139 2869 202 2918 aliis
216 2868 295 2918 alium
309 2869 420 2932 titulum,
436 2870 478 2934 qui
492 2869 572 2934 magis
586 2870 714 2935 placebat,
729 2869 942 2934 praefigentibus>
960 2868 1014 2919 Cfr.
1030 2867 1136 2918 Notkcr.
1154 2868 1273 2917 Balbulns

138 2937 183 3003 (de
197 2938 247 2987 vir.
263 2937 375 2999 illustr,
399 2938 423 2986 in
437 2937 512 2988 Fabr.
529 2939 591 2987 bibl.
608 2939 672 2988 med.
687 2945 713 2988 et
732 2938 779 2987 inf.
801 2940 846 2988 lat.
862 2936 893 3000 V,
913 2954 938 3004 p.
954 2937 1033 3003 922),
1055 2936 1175 2988 Vincent.
1192 2936 1272 2986 Bello-

138 3010 198 3061 vac.
214 3005 295 3072 (spec.
313 3007 371 3057 hist.
388 3005 706 3072 XVlll,62,lfti)requ.
807 3071 809 3076 Ι
1137 3014 1140 3018 “

209 3095 255 3156 27)
274 3093 328 3144 Cir.
343 3095 442 3145 adnott.
458 3104 538 3146 nostr.
555 3096 613 3146 libr.
630 3095 742 3146 lcontra
757 3097 851 3164 Syram.
865 3096 1004 3162 praeviam.

210 3181 255 3243 28)
274 3180 301 3230 Si
315 3180 426 3231 dubitari
442 3181 538 3246 nequit,
554 3182 614 3246 quin
628 3183 709 3247 praef.
726 3197 782 3248 opp.
797 3181 875 3232 Prud.
892 3199 934 3231 vv.
949 3184 992 3241 40,
1007 3183 1038 3232 ll
1061 3184 1091 3232 ad
1109 3183 1171 3233 duos
1184 3191 1273 3234 contra

140 3251 235 3318 Syrum.
252 3249 315 3299 libb.
330 3249 446 3316 inprimis
459 3257 591 3314 spectent,
614 3251 680 3301 baud
702 3251 857 3301 subobscure
879 3259 976 3315 tempus
990 3251 1066 3301 simul
1079 3251 1205 3316 innuunt,
1225 3269 1273 3318 quc

140 3322 240 3384 scripta
259 3325 327 3368 sunt.
360 3317 461 3369 Etenim
480 3326 554 3384 poeta
574 3335 639 3369 anno
659 3319 866 3385 quinquagesimo
886 3321 992 3384 septimo
1013 3321 1129 3370 carmina
1149 3335 1195 3369 sua
1217 3336 1272 3369 curn

140 3388 316 3450 evulgaverit,
329 3401 359 3436 ea
373 3395 433 3438 ante
447 3402 488 3437 an.
504 3388 553 3436 405
567 3387 687 3438 absoluta
702 3388 781 3438 fuisse
795 3388 905 3450 intelligi
919 3394 1029 3452 oportet.
1050 3387 1098 3450 Qui
1109 3388 1183 3452 plura
1197 3389 1228 3437 de
1241 3388 1273 3436 iis

140 3456 336 3522 quaesiverunt,
351 3455 434 3506 oleum
448 3453 583 3522 ct'operam
594 3457 737 3522 perdidisse
748 3456 882 3518 videntur3
898 3455 935 3504 nil
949 3455 1015 3504 enim
1026 3455 1091 3505 certi
1105 3471 1136 3504 ex
1150 3456 1213 3522 ipsis
1227 3458 1274 3506 hac

141 3527 173 3574 de
186 3540 215 3575 re
229 3523 332 3574 dedniri
347 3531 441 3589 potest.
472 3523 559 3590 Neque
580 3525 770 3590 probabilibus,
790 3524 881 3574 nedum
903 3523 981 3573 certis
994 3525 1152 3586 argumentis
1166 3525 1274 3592 probare

140 3603 192 3658 est,
207 3593 311 3642 ubinam
324 3593 374 3642 loci
388 3593 526 3659 composita
542 3593 648 3656 fuerint,
662 3593 756 3642 Romae
770 3607 801 3641 aa
815 3593 840 3640 in
855 3591 986 3656 Hispania.

212 3678 257 3742 29)
277 3677 333 3729 Cir.
346 3677 429 3745 praef.
442 3695 469 3729 v.
484 3679 533 3740 42,
548 3676 665 3728 Gennad.
680 3677 698 3727 l.
715 3677 732 3725 l.
758 3674 812 3725 Non
833 3677 939 3726 eundem
957 3676 1115 3740 singulorum
1135 3679 1275 3728 carminum

141 3749 259 3800 ordinem
272 3747 347 3796 codd.
362 3747 486 3812 praebent
499 3745 565 3813 (vid.
575 3744 696 3812 capili),
712 3760 791 3810 neque
805 3746 831 3794 in
845 3761 875 3795 eo
889 3746 947 3796 edd.
961 3747 1127 3796 conveniunt.
1143 3744 1275 3810 Quatenus

141 3825 286 3883 martyram
300 3816 432 3866 cruciatus
444 3823 535 3880 poetae
548 3814 670 3865 referenti
688 3813 751 3864 fides
765 3814 881 3865 habenda
894 3814 942 3877 sit,
963 3815 989 3864 id
1008 3816 1155 3865 accuratius
1173 3803 1274 3865 dcfiiirt

143 3887 241 3952 nequit.
261 3885 380 3934 Attamen
394 3885 523 3949 permagni
540 3882 671 3933 faciendus
685 3890 725 3934 est
737 3883 761 3932 in
774 3883 900 3946 omnibus,
914 3890 978 3947 quas
992 3881 1047 3932 fere
1061 3884 1176 3948 aequalis
1190 3898 1273 3933 rerum

142 3964 274 4018 gestarum
288 3960 333 4003 aut
345 3961 402 4018 post
415 3953 480 4003 alios
493 3960 598 4002 enarrat
611 3959 657 4001 aut
670 3952 751 4002 refert
765 3952 845 4001 solus.
865 3951 995 4001 sincerior
1008 3959 1078 4001 certe
1091 3961 1131 4002 est
1144 3951 1274 4016 magisque

142 4022 280 4075 candidior
292 4036 366 4086 quam
380 4021 435 4084 illi,
450 4022 492 4086 qui
507 4020 619 4086 sequiori
632 4027 745 4086 tempore
759 4021 839 4086 ipsum
853 4020 996 4070 historialis
1010 4019 1153 4085 fabulisque
1167 4035 1275 4069 exorna-

143 4094 218 4156 bant,
232 4097 385 4141 exornatum
398 4089 576 4141 venditabant.
597 4088 624 4139 ld
638 4088 668 4140 de
681 4087 860 4156 Martyrclogii
876 4088 947 4138 Rom.
963 4089 1130 4152 auctoribus,
1146 4088 1176 4139 de
1190 4087 1275 4154 Histo-

143 4162 186 4212 ria
197 4159 368 4211 Lombardica
380 4174 426 4209 seu
436 4159 522 4208 Aurea
534 4158 683 4209 Sanctorum
694 4157 815 4222 Legenda
825 4157 1023 4223 (Norirnbergae
1034 4156 1120 4221 1486),
1134 4149 1164 4204 de
1176 4155 1274 4220 Adone,

145 4229 276 4292 Uaaardo,
291 4227 403 4278 Notlero
416 4227 527 4293 aliisque
541 4227 769 4293 interpolatoribus
780 4227 873 4278 dietum
888 4242 945 4276 esse
959 4227 1026 4288 volo,
1041 4239 1087 4275 suc
1101 4225 1157 4274 loco
1171 4225 1276 4274 innotis

144 4297 295 4349 accuratius
308 4296 461 4348 indicandis.
477 4295 549 4361 Quae
558 4296 589 4347 de
601 4295 677 4346 nimio
688 4303 829 4363 martyrum
838 4295 909 4345 cultu
919 4295 1013 4359 passim
1023 4300 1170 4357 occurrant,
1186 4293 1276 4356 Hispa-
