3016 4832
612 353 687 405 ΑΗΕ.
702 352 883 405 Puduitlitii
899 352 1002 404 CLEM.

506 539 651 617 „Aedem
666 542 723 603 siti
739 543 806 618 ipse
820 545 923 602 mente
938 541 970 602 in
986 541 1119 602 nominis
1135 543 1272 605 condidit

423 638 564 715 „vivam
584 649 736 714 serenam,
755 637 942 711 sensualem,
962 636 1104 710 ilatilem,

423 734 530 812 „solvi
546 734 722 810 incapacem
738 747 830 812 posse
845 747 903 796 nec
918 733 1142 810 destructilem,

421 829 598 906 „pulcram,
616 833 792 906 venustam,
810 829 1052 906 praeminentem
1069 829 1212 907 crdmiue,

422 923 671 1001 „discriminatis
685 925 806 986 inlitam
821 925 992 988 coloritus.

506 1015 602 1094 „illic
617 1020 762 1080 sacerdos
776 1023 841 1081 stat
856 1023 980 1081 sacrato
994 1020 1025 1080 in
1041 1019 1159 1095 limine,

422 1111 594 1187 „roresque
608 1112 725 1188 primas
739 1115 829 1189 virgo
845 1113 980 1177 custodit
994 1109 1098 1190 Fides,

422 1205 561 1280 „innexa
578 1207 681 1267 crines
696 1207 831 1268 vinculis
846 1207 1004 1282 regalibus

422 1300 549 1375 „poscit
565 1299 648 1361 litari
664 1302 808 1362 victimas
824 1297 951 1364 Christo
967 1306 999 1362 et
1014 1298 1110 1377 Patri,

423 1409 530 1472 „quas
545 1397 606 1457 scit
619 1397 742 1473 placere
757 1398 948 1474 candidatas,
966 1397 1136 1473 simplices:

507 1493 648 1568 „frontis
664 1493 822 1570 pudorem,
841 1494 944 1556 cordis
958 1492 1179 1568 innocentiam,

423 1590 536 1664 „pacis
552 1591 697 1665 quietem,
715 1589 891 1652 castitatem
908 1589 1058 1666 conponis,

426 1679 510 1758 „Bel
526 1683 679 1760 timorem,
697 1685 836 1760 reguiam
854 1685 1014 1759 scientiae,
1117 1695 1120 1700 ·

423 1778 636 1854 „ieiuniorum
651 1779 833 1854 parcitatem
848 1778 994 1854 scoriam,

427 1889 538 1951 „spem
556 1889 617 1935 non
633 1875 796 1950 iacentem,
814 1886 936 1948 semper
950 1875 980 1932 et
997 1871 1115 1947 largam
1132 1883 1269 1930 manum.

508 1964 587 2043 „Ex
601 1966 651 2028 iris
665 1980 814 2027 amoenus
831 1965 941 2026 hostiis
956 1965 1059 2039 surgit
1074 1977 1170 2039 vapor

423 2066 578 2142 „vincens
594 2065 719 2126 odorem
733 2063 875 2138 balsami,
893 2062 984 2138 turis,
1002 2061 1097 2136 croci,

422 2175 543 2240 „auras
559 2161 718 2221 madentes
733 2157 931 2221 Persicorum
947 2161 1135 2230 aromatum;

423 2257 592 2335 „sublatus
607 2257 680 2317 inde
695 2255 813 2316 caelum
829 2255 967 2330 adusque
982 2252 1104 2314 tollitur

424 2355 483 2429 „et
497 2352 711 2427 prosperatum
728 2346 818 2408 dulce
833 2347 965 2407 deiectat
980 2343 1091 2408 ileum.

511 2443 627 2522 „Hanc
643 2443 836 2519 disciplinam
853 2443 995 2519 quisquis
1009 2442 1151 2504 intensus
1166 2446 1263 2517 vetat,

421 2546 536 2621 „vetat
550 2543 714 2617 pronatum
728 2540 836 2602 vivere
850 2544 883 2600 et
896 2542 1040 2602 sanctum
1055 2540 1155 2616 sequi,

422 2639 535 2713 „vetat
549 2635 687 2710 vigorem
704 2633 819 2696 mentis
834 2633 896 2694 alte
910 2634 1071 2696 intendere

421 2733 611 2811 „nostrique
626 2746 756 2793 acumen
772 2733 856 2808 iguis
871 2732 908 2793 ad
924 2736 1039 2795 terram
1054 2735 1157 2806 vocat,

421 2841 505 2905 „nec
521 2827 652 2888 excitari
669 2828 730 2887 vim
747 2829 821 2890 sinit
836 2827 1027 2902 prudentiae.

507 2919 562 2999 „0
578 2936 679 2983 mersa
695 2920 769 2981 iimo
785 2921 920 2982 caecitas
935 2922 1110 2997 gentilium,

420 3030 467 3091 „o
482 3015 665 3077 carnulenta
681 3015 843 3077 nationum
859 3019 999 3092 pectora,

418 3124 464 3187 „o
481 3111 603 3185 spissus
620 3124 720 3187 error,
738 3111 972 3172 oteueiorosum
987 3123 1100 3187 genus,

416 3207 544 3284 „terris
559 3207 704 3284 amicum,
723 3207 859 3269 deditum
876 3207 1031 3283 cadaveri,

253 3317 302 3367 sto
420 3303 591 3381 „subiecta
607 3317 730 3379 semper
744 3303 883 3381 intuens,
901 3317 1059 3378 nunquam
1075 3301 1187 3380 supra!

237 3412 240 3424 ·
507 3393 675 3474 „Furorue
690 3411 832 3459 summus
847 3398 955 3460 ultima
971 3401 1003 3458 et
1018 3397 1172 3458 dementia
1187 3399 1247 3472 est,

319 3519 380 3569 346.
405 3517 613 3576 Sodamiovenit
625 3516 679 3568 Gis.
701 3517 726 3567 in
742 3518 798 3567 cod.
817 3533 880 3583 suo,
899 3516 970 3570 Idam
990 3532 1024 3582 ¹¹3
1041 3524 1156 3568 mantum
1175 3519 1294 3566 dominio
1311 3516 1390 3572 Leti.

252 3587 340 3654 probb.
356 3585 500 3637 Murmellio
515 3593 540 3636 et
553 3585 599 3636 Gis
620 3623 627 3650 ‚
645 3592 758 3637 montom
771 3591 800 3637 in
812 3585 833 3636 Α
847 3585 913 3654 [sed.
928 3584 977 3637 el'r.
990 3586 1051 3638 uin.
1066 3585 1120 3636 rer.
1136 3583 1248 3648 xxxii,
1263 3583 1305 3652 2].

286 3657 346 3706 347.
358 3655 481 3723 flebilem
493 3653 552 3706 did.
569 3656 650 3720 Lugd.
665 3654 773 3718 Parnm,
792 3656 916 3706 stabilem
935 3655 1003 3706 coni.
1017 3653 1095 3706 Nobr.
1111 3655 1142 3706 ad
1162 3655 1285 3704 carminis
1300 3658 1393 3708 ratio-

252 3724 976 3844 '²²¹¹'Piiimffl‘diori³⁴⁸i1⁶fii⁸ffd⁰²ii⁶rm2i
996 3721 1382 3846 fissssii'issssiiti'i‘ii'.

251 3867 364 3913 sacrata
376 3866 404 3913 in
415 3831 543 3912 liminell
556 3862 606 3912 ia.
651 3828 674 3856 .,
695 3809 710 3858 q
722 3861 783 3914 352.
792 3830 940 3928 ‘uonap'io
953 3831 1030 3928 supra
1047 3877 1078 3912 co
1089 3878 1124 3923 ας
1139 3877 1247 3928 prunas
1261 3878 1277 3910 u
1383 3835 1392 3858 ⁹

285 3931 346 3984 3⁵4.
365 3931 461 3982 littam·
471 3947 499 3980 α.
590 3930 650 3981 355.
671 3935 699 3981 et
708 3932 845 3998 simplices
858 3929 928 3982 toto.
1010 3931 1070 3984 357.
1094 3929 1286 3996 Oricquo‘otcm
1304 3931 1391 3984 naor.

251 3998 309 4052 Gis.
415 4000 474 4050 361.
502 4003 623 4049 amoenis
643 3997 737 4064 Pras..
762 4016 853 4052 omens
873 4017 904 4062 υς
929 3999 1118 4067 doctigir'olb.
1222 3999 1285 4050 362.
1309 4009 1396 4054 croci

250 4085 300 4120 om.
321 4070 351 4119 Α.
458 4067 516 4120 366,
539 4071 680 4135 ᾳιιὶεῳιαιη
694 4071 725 4120 Δ.
831 4068 891 4120 tot.
908 4069 1092 4135 proteletur.

301 4171 360 4220 347.
373 4169 691 4238 fiadilom]opr'rituo1em
702 4170 791 4235 Nebn,
888 4173 947 4223 360.
973 4168 1114 4238 docentem]
1143 4185 1205 4236 sper
1224 4185 1279 4220 uon
1304 4172 1394 4224 debet

250 4243 400 4305 spirantem
414 4239 478 4291 Geli.
836 4243 933 4302 iacere,
948 4240 995 4290 eod
1007 4255 1119 4305 surgere
1131 4239 1165 4303 gl.
1178 4253 1203 4290 a.

300 4307 360 4357 355.
382 4307 554 4373 caredidotas]
577 4308 608 4357 ad
631 4307 791 4358 victimarum
1059 4335 1066 4344 ·

251 4375 361 4426 colerem
376 4375 546 4426 referendum.
887 4378 947 4428 376.
971 4377 1081 4445 olem]
1100 4381 1216 4444 possim
1228 4375 1269 4439 εἰ.
1284 4391 1321 4440 ι,
1344 4379 1391 4430 nbi
