3016 4832
657 317 732 370 ΑΗΚ.
748 315 930 370 PRUDENTH
944 312 1046 364 clun.

456 512 586 587 „selme
602 511 709 569 nostra
725 507 914 582 conprollatu
930 502 1103 579 antiquitas

455 617 588 680 „comm
603 602 730 663 refulsit
745 616 800 663 ore
815 597 1028 678 conspicabili,

452 689 522 774 „ne
539 696 706 758 fluctuaret
721 697 838 758 veritas
855 695 948 758 lulla
964 691 1036 764 ilde,

459 791 513 867 „si
529 805 590 852 non
607 794 728 865 peteret
742 795 823 852 teste
838 792 910 852 visu
926 786 1082 850 cominus.

543 883 653 962 „lllnc
672 900 729 946 nos
746 889 777 946 et
792 887 895 962 ipsum
911 897 973 946 non
988 880 1092 957 perire
1107 879 1263 942 credimus

460 993 612 1056 „corpus
631 979 775 1054 sepulcro
791 980 874 1055 quod
889 975 1065 1040 vorandum
1081 972 1233 1034 traditur:

458 1074 559 1149 „quia
575 1069 722 1134 Christus
738 1073 771 1134 in
787 1088 822 1134 se
838 1077 995 1134 mortuum
1011 1080 1126 1142 corpus
1142 1065 1229 1126 cruci

459 1183 594 1244 „secum
610 1170 782 1230 excitatum
798 1170 886 1230 rexit
900 1167 937 1228 au
956 1165 1071 1226 sollum
1087 1158 1194 1222 Patris

460 1265 633 1340 „viamque
648 1264 770 1324 cunctis
787 1264 822 1324 ed
840 1261 1070 1338 resurgentum
1087 1256 1182 1316 (teuit.

451 1385 453 1390 ’
501 1356 618 1436 „Crux
631 1361 685 1420 illa
698 1363 805 1422 nostra
821 1363 880 1436 est,
896 1373 953 1420 nos
966 1352 1139 1433 patibulum
1151 1351 1395 1438 auscenalimusz,

459 1455 576 1531 „uoltis
591 1459 771 1530 peremptus
786 1451 934 1518 Christus
949 1459 981 1515 et
997 1450 1086 1514 notis
1103 1447 1181 1508 deus

459 1544 634 1624 „Christus
650 1563 809 1626 reversus,
827 1549 894 1624 ipse
909 1549 963 1624 qui
978 1544 1116 1608 morlens
1132 1540 1223 1602 lromo
1240 1545 1304 1618 est3

459 1647 598 1718 „natura
616 1643 748 1719 duplex:
766 1645 900 1706 moritur
916 1646 947 1702 et
962 1643 1094 1703 mortem
1111 1633 1227 1708 (lomet,

461 1738 630 1813 „reditque
644 1739 677 1798 in
692 1737 782 1815 illul,
800 1741 881 1814 quoi
899 1739 1002 1815 perire
1016 1731 1149 1798 nesciat.

548 1831 703 1910 „Dixisse
718 1848 817 1910 pauca
834 1835 877 1895 sit
893 1835 972 1896 satis
989 1833 1027 1893 le
1042 1824 1189 1904 mysticis

462 1931 616 2001 „nostrae
631 1928 743 1988 salutis
759 1929 859 2004 leque
873 1941 1024 2004 processu
1041 1926 1127 2000 spel=

462 2022 549 2098 „iam
566 2023 628 2082 iam
645 2022 762 2100 silel03
780 2025 970 2100 margaritus
987 2035 1136 2097 spargere

461 2112 608 2192 „Carlsu
624 2121 769 2180 velamur
784 2119 868 2181 inter
883 2117 1049 2180 inmundos
1065 2131 1151 2192 sues,

462 2212 645 2289 „lutulenta
661 2217 803 2275 sanctum
821 2230 860 2275 ne
875 2216 980 2276 terant
995 2210 1153 2272 animalia.

548 2304 636 2383 „Sel
654 2309 726 2382 qula
742 2309 899 2385 promnua
915 2322 977 2370 non
994 2305 1068 2366 licet
1083 2304 1234 2382 luctarier

460 2399 608 2473 „ratione
625 2403 740 2479 lecum,
759 2403 959 2464 consulamus
975 2399 1138 2476 proximaq
1214 2411 1216 2416 ’

460 2494 702 2570 „interrogetur
717 2499 784 2572 ipsa
801 2497 993 2560 naturalium

461 2591 623 2666 „simplex
639 2592 708 2651 slne
723 2598 791 2655 arte
806 2607 958 2656 sensuum
974 2589 1142 2664 sententia,

294 2693 344 2742 aas
463 2686 552 2762 „luci
571 2689 722 2763 inperitus
739 2691 800 2766 iac,
819 2692 854 2750 ut
869 2689 952 2750 alsit
967 2687 1098 2749 arbiter.
1118 2705 1127 2712 ·

547 2780 620 2859 „lla
637 2788 842 2860 septuennem
857 2785 984 2848 circiter
997 2796 1128 2860 puerum
1144 2778 1334 2856 autminus,

364 2917 422 2968 633.
443 2919 561 2984 refulsit
573 2936 620 2970 ors
633 2923 819 2988 complicabili
830 2940 857 2974 u.
964 2923 1023 2974 634.
1038 2920 1094 2974 Nec
1106 2919 1128 2970 A
1140 2915 1161 2966 Τ
1175 2925 1201 2968 et
1213 2917 1254 2968 sia
1267 2915 1334 2966 ull.
1348 2916 1419 2966 stare

295 2985 409 3036 voluisse
428 2987 531 3039 videtur
548 2990 579 3038 ai
599 2987 646 3053 Vl,
668 2991 699 3040 25
718 2993 780 3054 (leg.
802 2993 847 3056 24)
870 2991 996 3043 reterens.
1113 2987 1174 3038 643.
1193 2983 1256 3036 Post
1276 2989 1334 3052 s'psa
1348 2987 1421 3034 icter-
1491 3015 1492 3018 =

296 3063 408 3119 pungunt
421 3071 437 3104 u
451 3056 509 3106 llil.
524 3055 606 3122 tuga.
730 3062 790 3110 644.
810 3061 957 3110 [sanatura
971 3060 1029 3110 liat.
1051 3071 1199 3125 perpersm3
1218 3056 1340 3119 siosplsx
1352 3067 1422 3118 supra

296 3123 443 3189 dupleccB3
465 3127 697 3192 interpunctionem
710 3135 769 3194 post
781 3129 882 3194 duplec
895 3145 942 3180 om.
959 3127 1046 3178 Heius.
1062 3126 1129 3176 066.
1231 3124 1298 3190 647.
1326 3123 1421 3174 Nostra

294 3193 325 3242 Α.
443 3194 503 3244 648.
522 3200 691 3260 spargaritaa
705 3197 725 3246 Α
739 3197 754 3246 2
769 3195 789 3247 E
811 3197 877 3263 [Cir.
893 3199 979 3249 Barac.
994 3199 1026 3248 ad
1039 3195 1143 3246 Authol.
1159 3191 1179 3256 l,
1193 3208 1218 3258 p.
1234 3189 1300 3259 413]
1315 3191 1421 3242 RLaar.

295 3261 335 3310 ia
346 3277 360 3311 a
370 3261 384 3310 l>
394 3277 415 3310 m
427 3279 466 3328 qu
479 3264 538 3314 illd.
555 3263 633 3329 tuga.
649 3263 718 3316 Lott.
734 3265 866 3318 Sich.tras
880 3266 956 3318 Febr.
972 3265 1030 3316 Gis.
1045 3265 1124 3314 Char.
1141 3261 1224 3312 Poott.
1239 3264 1337 3313 Amstr.
1350 3261 1422 3322 obl,

294 3335 451 3395 macparuc
467 3331 485 3381 Η
503 3333 620 3382 laconi.
636 3331 690 3384 Gis.
706 3334 763 3384 edd.
780 3335 877 3386 Waltz.
895 3337 982 3386 lleics.
998 3333 1065 3385 uell.
1078 3335 1155 3384 Arev.
1171 3329 1244 3398 [vil.
1260 3329 1303 3380 rs.
1319 3327 1392 3396 8731.

359 3399 417 3448 649.
438 3402 582 3452 inmundas
597 3402 665 3453 Lott.
788 3404 848 3456 650.
869 3405 986 3456 Lutecia
1000 3421 1026 3453 u.
1155 3400 1214 3450 651.
1235 3399 1305 3449 licat
1316 3401 1385 3448 mili
1395 3413 1424 3454 sq

296 3467 449 3518 lectuaria-r
468 3469 521 3518 ull
537 3469 567 3518 ll.
589 3471 681 3521 Passio
695 3471 793 3522 Sancti
804 3473 929 3524 Bararus
946 3474 1028 3522 Pueri
1044 3469 1150 3520 iuscrib.
1172 3483 1244 3533 seqq.
1257 3483 1299 3518 vs.
1314 3480 1424 3531 marsos

294 3540 355 3598 (¹¹⁰ss
374 3537 411 3600 i),
437 3535 505 3603 [Cir.
530 3537 604 3605 671].
717 3541 778 3590 654.
798 3558 924 3592 sensuam
943 3543 1059 3591 scicntia
1077 3537 1146 3589 vall.
1168 3535 1245 3587 Febr.
1266 3535 1323 3586 Gis.

376 3606 434 3654 655.
455 3609 493 3656 sit
512 3607 541 3656 Α.
649 3609 708 3658 656.
728 3616 881 3674 septennem
896 3610 972 3675 Prag.
986 3611 1028 3659 2α
1042 3624 1057 3660 s
1069 3605 1166 3666 Tora„
1183 3619 1263 3673 puer.
1279 3607 1348 3656 cire.
1362 3607 1393 3655 Α.

347 3727 406 3777 636.
428 3726 446 3776 l.
464 3726 523 3778 Cor.
544 3730 583 3793 15,
600 3730 629 3779 13
644 3745 698 3795 sqq.
882 3737 969 3794 capat,
1006 3725 1144 3794 Martyrol.
1184 3723 1254 3774 Rom.
1297 3726 1425 3786 Baralss,

348 3796 407 3845 641.
429 3794 486 3845 Gal.
503 3797 528 3857 2,
545 3798 584 3851 19.
882 3795 957 3848 Brea.
984 3793 1116 3846 Macarei).
1150 3793 1285 3844 Prudentii
1316 3795 1428 3860 vestigia

348 3865 407 3915 654.
427 3869 485 3914 sina
503 3866 574 3934 arta]
594 3867 687 3918 Omnis
700 3883 746 3918 ars
760 3867 839 3917 aliud
881 3880 1000 3932 premens
1010 3869 1094 3932 parci
1107 3863 1249 3926 illaudati,
1268 3878 1361 3929 marga
1375 3863 1427 3914 cad.

296 3936 369 3999 tagit
380 3939 408 3984 st
420 3933 497 3989 aliani
508 3935 643 3986 ostendit:
659 3937 732 3986 uerbi
741 3940 838 4002 gratia
881 3951 895 3984 s
909 3935 1047 3985 Bararus.
1066 3932 1155 4000 Neque
1170 3931 1264 3996 arua,
1286 3948 1374 4000 sequa
1389 3935 1429 3984 la·

294 4006 335 4051 ss'c
349 4005 463 4067 pictura
476 4007 611 4054 maceriae
628 4005 707 4058 aliud
718 4005 840 4056 ostendit
881 4003 968 4055 mitiss
981 4010 1079 4065 auctor,
1090 3999 1271 4069 qaasEasabii
1281 4001 1431 4054 Emeseasis

294 4077 324 4122 at
334 4071 412 4121 ailad
424 4075 494 4136 tagit
502 4090 511 4134 ,·
530 4087 592 4121 nam
612 4073 750 4137 lapidibus
762 4077 838 4123 s‘ntus
881 4073 947 4137 (vid.
961 4079 1015 4122 not.
1028 4073 1060 4121 ad
1072 4073 1098 4122 lr.
1113 4072 1198 4139 hymn.
1211 4072 1362 4136 praesis-p
1377 4087 1430 4122 esse

296 4140 615 4206 abductisps'ctarasola
628 4140 817 4205 soractensis.
882 4141 981 4205 iactor,
1012 4141 1068 4191 sias
1102 4139 1249 4190 nominatim
1274 4143 1432 4192 mesilam

347 4209 407 4257 656.
425 4207 752 4276 pasmm]tnsaass.671
771 4210 837 4261 lacui
880 4210 1009 4261 fecarunt.
1041 4208 1136 4260 Enoch.
1156 4208 1358 4272 Caesariensis,
1387 4211 1434 4260 ils·

294 4281 335 4324 cst
355 4276 490 4339 Baralas,
510 4276 672 4328 Mambritius
691 4293 789 4343 quoque
810 4280 837 4329 iu
880 4293 955 4330 mano
980 4279 1096 4344 aequalis
1120 4278 1190 4341 (vicl.
1215 4277 1247 4327 sil
1273 4278 1383 4329 isitium
1407 4279 1430 4328 l.

294 4344 352 4391 Act.
381 4343 481 4394 nomine
505 4345 624 4396 Baralas
646 4361 749 4412 pueram
773 4363 836 4398 aaa·
880 4347 992 4416 hymn),
1014 4346 1349 4414 depacrsuitilrsltalit.
1378 4347 1432 4399 Cir.
