3054 4820
488 291 563 344 CAP.
579 292 598 343 l.
630 289 673 342 HE
687 287 765 342 Vl’l'A
778 289 967 344 Phontauu.
1261 295 1292 334 ttt

157 462 250 544 eset).
275 463 332 543 Qui
348 485 413 528 oum
427 475 535 527 exacta
550 461 677 546 pueritia
694 463 847 526 rhetorum
863 461 1028 548 disciplinis
1044 482 1165 548 operam
1182 481 1291 524 navas·

156 555 249 636 set⁶),
267 557 434 622 iuventutis
456 558 563 621 ardore
579 556 720 642 abreptus
737 557 822 619 luxui
838 554 962 622 indulsit
976 567 1064 640 atque
1079 551 1288 634 lascivitatiss).

158 650 218 713 luri
233 651 359 713 dicendo
375 661 462 733 atque
478 650 650 714 exercendo
666 648 767 712 vacuit
783 659 813 710 et
828 650 910 734 prius
926 660 1049 734 etpost,
1067 671 1153 733 quam
1169 648 1291 734 provin-

157 748 221 811 ciae
243 747 359 810 cuidam
382 747 561 828 Hispanioae
583 755 684 808 rector
707 744 928 825 a'l'heodosio,
954 756 986 808 ut
1000 747 1136 819 videtur,
1153 746 1224 828 imp.
1243 743 1289 806 bis

156 842 327 924 praefectus
340 837 494 920 inisset⁷).
519 840 564 900 Eo
581 857 704 902 munere
720 838 778 900 rite
794 839 967 922 perfunctus
980 839 1017 901 ad
1030 837 1173 922 principis
1187 837 1288 920 proxi-

156 1011 188 1062 ih.
204 1009 334 1076 Gronov.)
349 1017 447 1078 poetam
463 1017 548 1060 natum
563 1025 638 1074 esse,
652 1009 762 1060 indidem
776 1011 953 1061 enuclearent.
980 1007 1030 1062 Sed
1050 1009 1211 1061 recentiores
1223 1007 1288 1058 hene

156 1079 309 1131 ilesendium
332 1081 414 1131 secuti
433 1079 535 1130 suntad
549 1093 626 1129 unum
645 1094 742 1132 omnes.
774 1078 829 1130 Cir.
844 1079 921 1131 B'aihr.
936 1077 954 1130 l.
971 1080 989 1132 l.
1004 1079 1040 1130 De
1053 1079 1127 1129 varia
1140 1077 1231 1129 Saliae
1243 1093 1288 1128 no-

154 1151 230 1200 minis
245 1149 375 1200 scrihendi
388 1148 488 1200 ratione
500 1148 554 1198 vid.
571 1155 652 1198 nostr.
667 1155 721 1198 not.
734 1149 794 1198 crit.
809 1149 841 1198 ad
857 1150 874 1199 l.
888 1151 905 1198 l.

224 1236 253 1300 4)
274 1233 323 1300 Qui
337 1242 395 1302 post
407 1235 497 1284 Aldum
514 1235 761 1299 Caesaraugustam
776 1234 909 1286 Prudentii
928 1236 1038 1302 patriam
1057 1250 1115 1286 esse
1130 1241 1229 1300 putant,
1245 1248 1286 1299 ap.

120 1313 124 1320 '
156 1306 232 1355 Arev.
255 1305 368 1369 prolegg.
389 1321 412 1370 p.
436 1305 477 1368 16,
499 1303 580 1354 noth
603 1303 640 1353 ita
659 1311 841 1354 enumerantur
861 1306 1028 1369 interpretes:
1050 1305 1139 1360 Aelius
1160 1302 1287 1354 Antonius

155 1373 333 1426 Nebrissensis
350 1373 375 1422 iu
395 1372 578 1438 epigrammate
597 1373 701 1438 praevio
720 1374 751 1423 ad
771 1388 848 1440 opera
863 1373 993 1426 Prudentii
1013 1381 1038 1424 ot
1058 1373 1082 1424 in
1098 1373 1239 1424 Comment.
1255 1372 1287 1422 ad

156 1443 274 1510 hymnum
289 1441 383 1491 XVlll.
399 1449 539 1508 martyrum
554 1449 862 1506 caesaraugustanorum,
881 1443 989 1493 lacobus
1004 1441 1147 1506 Spiegelins
1164 1442 1189 1490 in
1204 1439 1285 1505 praei.

154 1513 185 1561 ad
198 1513 308 1574 comm„
325 1509 449 1574 Georgius
464 1510 556 1560 Hemns
578 1511 604 1560 in
619 1510 702 1576 Epist.
718 1512 749 1562 ad
765 1510 880 1574 Weitz.‚
898 1511 998 1579 Xystus
1012 1511 1134 1562 Senensis
1159 1509 1223 1560 Hibl.
1241 1508 1288 1559 lib.

155 1578 197 1630 lV.
214 1581 292 1630 verbo
307 1582 368 1630 Ana.
385 1578 481 1641 Prud,
498 1578 606 1629 loannes
619 1577 735 1630 Vosneus
748 1579 867 1630 Chronic.
884 1581 988 1646 Hispan.
1011 1580 1043 1630 ad
1057 1594 1149 1630 aunum
1163 1579 1223 1641 351,
1237 1577 1289 1628 An-

154 1652 239 1699 tonius
255 1648 408 1698 Posseviuns
420 1648 560 1714 Apparatu,
575 1649 653 1698 verho
668 1649 755 1700 Aurel.
771 1647 866 1709 Prud,
887 1649 1009 1700 Alionsus
1023 1647 1117 1700 Gareia
1132 1647 1288 1698 Metamoros

155 1718 186 1768 de
198 1717 320 1768 Academ.
336 1716 455 1782 Hispan,
469 1715 616 1767 Lndovicus
628 1715 725 1767 Nouius
739 1725 792 1768 not.
808 1720 833 1768 in
847 1717 951 1784 Hispan.
968 1734 1023 1784 cap.
1039 1718 1079 1777 82,
1094 1717 1223 1767 loanuues
1238 1715 1288 1766 He·

155 1787 256 1836 nichius
270 1786 336 1837 Hist.
351 1793 417 1852 part.
430 1784 463 1841 ll,
479 1801 531 1836 sec.
544 1783 586 1850 tv,
601 1786 713 1853 capili,
729 1803 753 1852 p.
763 1788 805 1850 23,
819 1785 904 1838 Lucas
918 1786 1047 1839 (lsiander
1060 1785 1171 1852 Epitom.
1188 1784 1286 1834 HIstor.

156 1855 308 1904 Hcctesiast.
324 1862 423 1905 centur.
439 1853 482 1919 tV,
498 1856 543 1904 lib.
559 1851 585 1919 1,
601 1871 657 1920 cap.
672 1853 776 1918 XXVI,
797 1855 993 1907 Centuriatores
1007 1855 1173 1919 Magdeburg'.
1190 1861 1251 1902 tom.
1267 1852 1287 1914 l,

156 1923 262 1974 Centur.
278 1923 322 1986 lV,
343 1939 399 1990 cap.
415 1923 449 1988 X,
469 1939 494 1989 p.
509 1924 575 1986 681,
600 1922 771 1989 Quenstedins
792 1925 823 1974 de
836 1927 926 1992 patriis
945 1925 1084 1976 illustrium
1105 1923 1219 1974 virorum
1241 1921 1288 1970 snb

155 1991 373 2057 Caesaraugusta,
389 1991 534 2059 Stephanus
548 1991 714 2044 Chamillard.
731 1993 796 2045 edit.
810 1996 841 2044 ad
855 2011 928 2046 nsum
942 1994 1071 2060 Delphini,
1085 1991 1211 2042 Martinus
1225 1989 1289 2040 Car-

154 2061 214 2111 rillo
229 2061 296 2112 Hist.
312 2063 338 2110 S.
355 2062 465 2125 Valerii,
487 2059 634 2113 Lndovicus
650 2061 712 2114 Hiea
733 2063 763 2114 de
777 2063 834 2114 Anx
853 2063 1012 2114 inversion.
1028 2063 1155 2128 hispanie.
1171 2061 1288 2127 hymnor.

155 2128 252 2193 Prnd,
279 2131 417 2196 anereins
437 2139 463 2180 et
476 2130 685 2182 Bartholomaeus
698 2132 832 2182 Lecnardo
850 2149 867 2200 y
881 2132 1024 2196 Argeasola
1043 2130 1068 2180 io
1088 2129 1197 2195 Epistol.
1213 2142 1290 2193 super

156 2198 202 2249 hae
221 2200 413 2262 controversia,
435 2199 585 2250 Huntnanuel
599 2199 675 2251 Hisco
688 2200 760 2267 Hisp.
782 2217 848 2253 sacr.
871 2209 931 2251 tom.
946 2199 1046 2252 XXXI.
1062 2199 1088 2249 in
1103 2198 1288 2249 dissertatione

155 2267 293 2334 peculiari,
309 2267 416 2317 Carolus
430 2270 589 2331 Augustinus
604 2270 731 2320 Ansaldns
744 2269 855 2336 praefat.
876 2271 1065 2321 adversionem
1080 2267 1195 2318 italicam
1208 2267 1289 2316 libro·

154 2351 209 2386 anm
220 2338 344 2387 adversus
353 2339 541 2404 Symmachum,
555 2337 671 2389 Andreas
681 2337 804 2390 Mulierus
818 2341 841 2388 in
855 2355 921 2390 com.
934 2339 966 2390 ad
977 2340 1062 2406 hymn.
1072 2334 1207 2388 vrttttat.
1223 2335 1287 2398 iam,

154 2407 188 2456 el.
204 2405 313 2456 Praesul
326 2405 469 2472 Stephanus
484 2407 578 2470 Bougia
592 2408 616 2456 in
630 2408 756 2470 singulari
769 2417 795 2458 et
809 2409 910 2459 erudito
925 2423 1001 2474 opere
1016 2406 1142 2456 Vaticana
1152 2403 1288 2454 Confessio

155 2473 181 2525 S.
198 2473 279 2523 Petri.
306 2473 351 2524 His
371 2476 495 2526 accedunt
515 2475 634 2540 Tulich,
659 2475 751 2538 Georg.
769 2476 870 2529 Fabric.
892 2476 979 2540 (Corp.
994 2483 1063 2541 poet.
1085 2473 1177 2524 christ.
1192 2488 1216 2538 p.
1234 2471 1287 2534 13),

154 2542 262 2593 Arnold.
282 2539 416 2607 (liii-chen·
437 2544 487 2594 und
502 2542 710 2595 lietzerhistorie
724 2544 757 2604 ll,
777 2561 801 2610 p.
819 2547 877 2608 157,
898 2546 939 2596 ed.
954 2543 1149 2608 Hraocclnrt.),
1168 2541 1288 2592 Lahheus

155 2611 301 2676 (descript.
317 2611 381 2662 eccl.
396 2610 429 2674 ll,
444 2628 466 2677 p.
485 2613 559 2676 794),
574 2613 672 2663 Sitbert
685 2613 713 2676 (l.
731 2614 747 2664 t.
762 2630 788 2679 p.
803 2613 887 2680 Vlll),
902 2614 1005 2666 favente
1020 2613 1096 2664 naar.
1112 2611 1142 2673 (l.
1158 2611 1175 2661 l.
1191 2627 1214 2674 p.
1229 2609 1286 2670 41),

155 2680 209 2728 uixi
224 2679 316 2745 quippe
334 2681 368 2730 iis
386 2681 451 2732 loeis
465 2679 571 2748 (Perist.
587 2680 631 2746 lV,
648 2684 671 2748 l,
685 2683 745 2746 97),
771 2683 813 2732 uhi
832 2683 885 2749 ipse
905 2691 981 2749 poeta
1000 2697 1056 2732 eam
1074 2685 1200 2732 nostram
1213 2676 1286 2728 dicit·

155 2746 243 2814 Neque
263 2749 295 2798 iis
316 2751 393 2800 Arev.
417 2750 587 2810 adversatur,
611 2751 653 2816 qui
673 2750 750 2802 Hear.
771 2751 871 2802 Florez.
894 2752 976 2818 (Hisp.
999 2766 1067 2802 seor.
1083 2750 1103 2810 l,
1124 2762 1180 2812 cap.
1196 2743 1243 2803 lX.
1259 2745 1286 2808 9)

154 2824 261 2867 auctore
281 2817 446 2868 Clementiam
466 2818 589 2868 ramittam
609 2821 704 2870 ibidem
723 2821 840 2870 docuisse
854 2821 944 2872 relert.
970 2819 1152 2868 Verumtamen
1165 2819 1286 2862 orostram

153 2901 254 3004 iiiiii
269 2881 1225 3022 {adstiterattlz'llehlhhtlidtttthdtttt
1243 2881 1289 3000 tlt

155 3023 288 3086 Prudent,
303 3023 327 3072 in
341 3022 412 3074 Neue
422 3025 568 3074 Bibliothelu
578 2973 676 3088 XXl'l,
688 3027 794 3091 puts),
809 3024 910 3075 Floret.
925 3021 986 3088 (1.1.
1001 3019 1060 3082 XV,
1074 3036 1097 3086 p.
1110 3020 1171 3081 328,
1186 3017 1286 3082 XXlX,

155 3107 178 3156 p.
194 3091 276 3155 292),
290 3091 396 3144 Rivetus
411 3095 483 3157 (crit.
498 3109 564 3144 sacr.
581 3093 625 3156 ΙΙΙ,
639 3095 682 3157 26,
697 3109 721 3160 p.
737 3095 796 3154 357,
811 3091 850 3140 ed.
867 3090 996 3154 Cenem),
1014 3087 1032 3138 l.
1048 3091 1079 3140 A.
1094 3088 1195 3139 Fahric.
1211 3087 1287 3152 (bibl.

155 3161 229 3210 latin.
245 3159 289 3223 tv,
303 3161 329 3209 2.
351 3169 412 3213 tons.
428 3161 472 3224 lll,
493 3179 515 3228 p.
530 3162 597 3224 291,
617 3162 678 3212 hihi.
701 3160 765 3209 med.
778 3166 804 3210 et
817 3158 864 3208 inl.
879 3159 926 3210 lat.
942 3157 985 3222 vt,
1001 3176 1025 3224 p.
1040 3158 1099 3222 20),
1116 3155 1287 3207 Nahmacher.

155 3228 310 3292 (Auleitnng
322 3246 370 3280 aur
382 3231 443 3281 11111.
459 3228 600 3280 lleuatniss
616 3229 722 3278 declat.
738 3227 851 3294 Spruche
870 3244 895 3295 p.
909 3227 987 3292 448),
1015 3225 1157 3278 Schrticluh.
1173 3225 1287 3290 (christi.

155 3293 358 3360 liirchengesch.
384 3297 442 3360 Vll,
461 3315 487 3366 p.
504 3297 579 3360 107),
601 3296 766 3362 Hambeager.
789 3297 978 3362 (auvertiissige
1000 3294 1173 3346 Naehrichten
1193 3309 1241 3344 von
1261 3294 1287 3344 d.

155 3366 337 3415 varnehmsten
360 3365 528 3418 Schriitstcll.
551 3365 596 3428 111,
616 3382 642 3433 p.
665 3365 707 3430 14)
729 3374 780 3416 etc.
811 3365 879 3416 Idem
901 3366 932 3414 de
950 3365 1101 3414 Tumacoaa
1120 3362 1227 3426 (Perist.
1241 3360 1286 3423 Vl,

156 3433 216 3498 143)
227 3435 309 3498 deque
324 3434 357 3483 lis
369 3434 542 3498 statuendum,
557 3435 599 3500 qni
613 3435 671 3484 inde
684 3443 782 3501 poetam
797 3441 880 3484 ortum
894 3434 993 3483 volunt.
1007 3431 1101 3482 Contra
1111 3431 1205 3498 Symm.
1222 3428 1289 3492 1‚3a

152 3507 248 3552 nostra
262 3503 417 3568 respublica
429 3501 531 3554 Romae
544 3510 569 3552 et
585 3503 633 3554 192
653 3508 746 3554 narater
756 3502 875 3569 populas
894 3502 917 3550 ei
932 3510 990 3551 sunt
1004 3501 1098 3550 Romae
1111 3499 1221 3548 incolae.
1248 3497 1289 3548 ld-

153 3571 224 3619 eirco
243 3575 369 3619 nostrum
388 3585 525 3636 pronomen
545 3572 630 3636 oppidi
650 3572 781 3622 cniusdam
797 3570 890 3620 nomini
911 3570 1056 3620 adiunctum
1075 3576 1121 3619 ant
1139 3566 1289 3634 Hispaniam

153 3639 238 3688 innuit
251 3639 312 3700 (non
326 3641 470 3704 imperium
482 3639 630 3690 Humanum
646 3655 752 3705 quoque,
768 3645 796 3688 ut
809 3639 923 3689 Ohbario
937 3640 1043 3706 placet),
1058 3645 1103 3688 aut
1116 3636 1213 3688 Christi
1228 3637 1290 3686 lide-

153 3707 192 3756 les
206 3705 246 3771 (S.
263 3705 283 3769 l,
299 3706 342 3769 36,
358 3707 417 3769 192,
431 3708 458 3757 S.
475 3707 509 3770 ll,
524 3708 551 3770 3)
564 3715 609 3757 ant
621 3715 756 3772 utrumque
771 3706 877 3771 (Perist.
893 3705 964 3772 Xlll‚
980 3709 1018 3772 3).
1044 3708 1139 3773 Atquin
1155 3705 1289 3756 Prudentii

154 3776 266 3842 patriam
289 3775 356 3824 hand
374 3777 462 3841 procul
483 3791 499 3826 a
517 3775 657 3842 Pyrenaeis
676 3776 807 3826 locandam
827 3792 902 3840 esse,
923 3776 1001 3826 Arev.
1018 3792 1049 3825 ex
1070 3775 1163 3825 Perist.
1179 3773 1222 3838 Vl,
1238 3773 1288 3824 146

146 3845 282 3909 fovemur
299 3859 390 3894 omnes
412 3844 559 3894 Terrarum
576 3845 675 3911 populi
692 3845 874 3911 Pyrenearum
900 3846 965 3895 hand
980 3845 1088 3910 ,felicius
1105 3844 1153 3894 sihi
1177 3841 1288 3908 colligit.

153 3910 243 3962 Patria
256 3911 337 3975 igitur
349 3919 440 3978 poetae
453 3912 515 3964 urbs
528 3928 651 3979 quaenam
666 3913 755 3977 luerit,
770 3914 852 3964 adhuc
865 3915 1010 3980 quaeritur.

225 3997 252 4062 5)
271 3996 358 4048 Praei.
373 4014 398 4048 v.
413 4000 428 4048 7
442 4013 496 4065 sqq.
512 3997 581 4050 Hisc.
597 4001 616 4050 l.
631 4001 647 4054 l.
664 4007 769 4050 auctore
789 4001 904 4050 nonnulli
925 4015 956 4051 en
971 4000 1076 4052 Hieron.
1097 4001 1186 4052 chron.
1200 4000 1232 4049 ad
1245 4014 1288 4052 an.

152 4066 205 4116 356
219 4065 287 4116 ellici
300 4081 373 4132 posse
386 4074 494 4133 putant,
516 4077 630 4119 nostrum
643 4069 866 4134 Caesaraugustae
880 4068 982 4121 Petrum
1001 4071 1129 4120 rhetorem
1150 4069 1181 4119 ad
1195 4068 1291 4133 ingenii

151 4135 250 4186 cultum
264 4135 415 4200 capiendum
428 4135 548 4188 hahuisse
563 4139 724 4204 magistrum.

223 4213 252 4352 hp
270 4209 336 4339 qpiq.
352 4229 377 4263 v.
392 4213 434 4340 qd.
449 4212 552 4342 Sipiles
565 4215 643 4279 igitur
656 4216 696 4266 sni
709 4214 799 4265 hahuit
811 4213 1010 4278 Tertullianum,
1024 4213 1177 4282 Cypriannm
1195 4219 1222 4263 et
1235 4213 1270 4263 al.

226 4291 239 4338 7
301 4289 376 4340 1,ν.
408 4293 472 4342 4...)
499 4327 505 4341 .

1042 4380 1081 4434 a*
