3018 4826
492 261 773 316 ruituruiuaitou
792 263 834 317 tii.

353 447 443 525 „bio,
461 461 610 512 manuum
626 451 700 526 quta
716 449 799 512 loeta
814 453 901 530 coiit,

353 544 493 622 „trivola
508 549 641 622 utraque
656 550 688 607 et
702 551 835 624 utraque
850 549 938 612 nibil.

416 635 657 714 „Maximianus
674 654 766 717 opum
783 641 938 719 dominus,

352 738 412 812 „et
426 739 530 797 tamur
544 737 612 812 ipse
628 736 726 798 cliens
742 737 890 815 iopiium,

354 829 549 906 „prostituat
560 833 735 905 voveatque
750 832 817 893 suis

352 925 558 1001 „numinibus
574 929 668 1001 eaput
682 926 751 1002 ipso
766 940 875 988 suum:

353 1025 506 1100 „pectora
522 1037 579 1085 our
594 1036 747 1098 generosa
763 1023 885 1098 quatit?

416 1111 516 1193 „Dux
533 1116 644 1195 bonus,
663 1121 780 1182 arbiter
795 1119 944 1197 egregius

352 1212 534 1290 „sanguine
549 1216 690 1289 pasoitur
704 1217 853 1293 innocuo,

352 1308 624 1386 „corporibusque
639 1311 700 1386 piis
715 1312 840 1374 inhians

353 1405 501 1482 „viscera
518 1407 621 1468 sobria
638 1407 788 1470 dilacerat

354 1501 497 1578 „gautlet
512 1503 544 1561 et
557 1501 741 1563 excruciare
755 1500 859 1562 iidem.

414 1593 531 1673 „Ergo
546 1609 617 1670 age,
634 1597 752 1673 tortor,
769 1595 885 1670 adure,
903 1609 987 1669 seca,

354 1689 484 1767 „livide
500 1690 636 1750 membre
653 1693 760 1750 coacta
776 1690 861 1752 luto:

351 1787 502 1864 „solvere
517 1801 583 1848 rem
599 1786 743 1863 fragilem
759 1787 852 1848 laoile
871 1789 931 1849 est.

353 1881 453 1960 „Non
469 1884 683 1959 penetrabitur
697 1884 830 1946 interior

353 1979 562 2054 „exagitante
578 1978 684 2040 dolore
699 1979 863 2040 animus.“

416 2071 546 2136 Talibus
562 2074 685 2136 excitus
705 2075 737 2136 in
754 2075 854 2136 turias

285 2161 288 2164 ’
350 2171 550 2246 praetorem
570 2166 685 2246 „Rape
699 2171 911 2246 praeeipitem,

352 2265 484 2344 „lietor,
503 2268 535 2326 et
549 2265 646 2328 obrue
662 2265 823 2342 suppliciis
836 2289 844 2326 ι

353 2364 496 2441 „sentiat
510 2377 581 2424 esse
596 2362 670 2424 teos
685 2363 816 2440 patrios,

354 2474 438 2536 „neo
453 2459 522 2520 love
538 2457 687 2534 principis
703 2458 866 2534 inperium.

416 2547 546 2632 „Quam
563 2565 706 2627 euperem
722 2557 827 2613 tamen
842 2554 915 2612 ante
930 2565 1050 2628 necem,

351 2648 407 2724 „si
422 2648 505 2726 potis
522 2650 581 2723 est,
598 2661 747 2709 revocare
763 2651 861 2726 tuam,

293 2773 295 2778 ,
353 2731 470 2819 „torva
484 2741 634 2820 puellula,
654 2741 836 2820 nequitiam.

355 2836 514 2916 „Respice
528 2839 641 2916 gaudia
659 2843 775 2915 quanta
789 2841 900 2914 metas,

353 2949 459 3012 „quae
475 2935 530 2995 tibi
547 2936 609 2996 lert
623 2931 758 3011 genialis
773 2935 883 2998 bonor.

416 3027 490 3106 „Te
505 3029 644 3091 lacrimis
661 3029 813 3092 labelaota
828 3031 938 3094 domus

353 3126 582 3204 „prosequitur
596 3127 785 3204 generisque
800 3127 847 3189 tul

352 3221 511 3299 „ingemit
525 3219 621 3283 anxia
636 3221 796 3299 nobilitas,

353 3314 456 3391 „ilore
471 3315 552 3392 quoti
569 3313 687 3374 ocellis
705 3314 737 3375 in
754 3318 873 3392 tenero,

168 3463 213 3514 80.
237 3461 357 3530 Utraque
364 3463 472 3528 ¹friuola
485 3463 593 3528 priorib.
608 3462 665 3514 abr.
677 3463 735 3515 liat.
748 3502 756 3529 ,
774 3465 915 3517 l'riaatam
927 3469 1074 3530 atramque
1087 3466 1114 3512 at
1126 3466 1231 3512 aimm-

96 3550 150 3602 qae
163 3534 232 3583 eoai.
247 3530 358 3595 Caueb„
379 3537 406 3582 et
418 3538 535 3596 aetraque
547 3532 617 3582 nibil
636 3548 685 3583 om.
702 3534 756 3584 ii.
877 3535 918 3584 88.
945 3549 995 3600 qne
1009 3547 1059 3581 om.
1073 3530 1148 3593 Pras.

134 3602 194 3652 iou.
214 3617 241 3651 ae
254 3601 272 3652 B
287 3601 306 3650 ll
319 3603 477 3652 vetustiores
490 3616 530 3666 ap.
546 3600 636 3652 Heius.
649 3617 673 3651 m
685 3603 741 3653 Alei.
754 3603 837 3667 bugd.
852 3603 919 3653 Sieb.
931 3609 984 3652 trea
999 3601 1074 3652 i‘abr.
1085 3599 1139 3651 Gis.
1152 3598 1230 3650 Cbar.

96 3671 184 3722 Poett.
199 3673 295 3721 llmstr.
312 3670 399 3721 llains.
416 3669 504 3720 Cbanr.
519 3669 597 3734 caii,
617 3671 663 3722 secl
677 3671 729 3722 uid.
744 3671 771 3722 S.
786 3673 806 3736 l,
824 3671 907 3739 praei.
922 3673 970 3734 843
989 3672 1232 3736 eiam...aeqaiilae

97 3736 283 3790 probauit.
391 3740 449 3790 104.
467 3738 740 3807 pataab,meaalp.
849 3742 906 3793 109.
928 3741 991 3792 Sala
1009 3737 1065 3790 rue.

149 3879 195 3930 81.
206 3875 406 3946 Mamaeanas]
416 3878 567 3943 Quaeritur,
578 3877 645 3928 sitne
690 3879 878 3946 inflammatae
897 3879 995 3929 seelera
1013 3876 1139 3938 aduenit,
1152 3879 1184 3923 ul
1197 3872 1233 3923 ad

96 3947 273 3998 Maximianus
298 3946 439 3998 Herculeus
468 3963 499 3998 ao
525 3947 646 3998 Galerius
686 3949 885 4015 persequendae
900 3948 1071 4000 Christianos
1085 3946 1233 4007 instigaret

98 4017 282 4068 Maximianus.
307 4015 352 4067 iiia
367 4017 499 4067 (incidenti
514 4022 644 4083 praeerat,
687 4032 777 4067 aonam
797 4033 895 4068 oannem
920 4016 1159 4080 (Diocletianum),
1185 4012 1234 4074 qai

96 4085 202 4138 Orienti
217 4084 408 4148 Diocletianus,
425 4085 530 4136 Galaria
544 4085 645 4151 quidem
688 4089 744 4136 a'am
755 4090 921 4152 principiam
933 4086 1062 4153 fecerat,
1076 4079 1170 4146 Salpia.
1187 4079 1232 4126 Sa·

95 4155 213 4206 Caesare
231 4154 263 4206 atl
278 4154 440 4206 Christianos
456 4154 646 4221 persequendos
689 4170 743 4206 ver.
762 4154 794 4220 ii,
809 4158 858 4221 iu,
873 4156 966 4207 Baron.
981 4150 1066 4204 annal.
1085 4149 1116 4198 ad
1130 4162 1155 4198 a.
1170 4146 1230 4208 aul,

76 4226 251 4292 ,impulsore
267 4223 362 4275 Enaeb.
378 4223 448 4287 viii,
465 4225 509 4285 iu,
525 4223 600 4274 Laet.
616 4223 643 4274 Ρ.
690 4223 737 4288 ΙΧ,
754 4225 795 4276 10.

96 4293 133 4346 ii.
146 4293 183 4361 X,
194 4294 211 4344 u
224 4291 413 4345 Maoelmiaaaa
426 4309 531 4361 quaqua
546 4295 646 4370 Caesar
