<?xml version="1.0" encoding="UTF-8"?>
<!DOCTYPE html PUBLIC "-//W3C//DTD XHTML 1.0 Transitional//EN"
    "http://www.w3.org/TR/xhtml1/DTD/xhtml1-transitional.dtd">
<html xmlns="http://www.w3.org/1999/xhtml" xml:lang="en" lang="en">
 <head>
  <title>
</title>
<meta http-equiv="Content-Type" content="text/html;charset=utf-8" />
  <meta name='ocr-system' content='tesseract 3.04.00' />
  <meta name='ocr-capabilities' content='ocr_page ocr_carea ocr_par ocr_line ocrx_word'/>
</head>
<body>
  <div class='ocr_page' id='page_1' title='image "./quaeexstantcarm01dresgoog_0143.png"; bbox 0 0 3046 4830; ppageno 0'>
   <div class='ocr_carea' id='block_1_1' title="bbox 620 259 1012 320">
    <p class='ocr_par' dir='ltr' id='par_1_1' title="bbox 620 259 1012 320">
     <span class='ocr_line' id='line_1_1' title="bbox 620 259 1012 320; baseline 0.005 -2"><span class='ocrx_word' id='word_1_1' title='bbox 620 260 695 318; x_wconf 80' lang='lat' dir='ltr'><strong>situ.</strong></span> <span class='ocrx_word' id='word_1_2' title='bbox 711 259 891 318; x_wconf 72' lang='lat' dir='ltr'><strong>PRUBENTH</strong></span> <span class='ocrx_word' id='word_1_3' title='bbox 906 260 1012 320; x_wconf 80' lang='lat' dir='ltr'><strong>cnud.</strong></span> 
     </span>
    </p>
   </div>
   <div class='ocr_carea' id='block_1_2' title="bbox 551 445 1147 3337">
    <p class='ocr_par' dir='ltr' id='par_1_2' title="bbox 551 445 1084 801">
     <span class='ocr_line' id='line_1_2' title="bbox 594 445 1078 526; baseline -0.01 -10"><span class='ocrx_word' id='word_1_4' title='bbox 594 449 736 516; x_wconf 92' lang='lat' dir='ltr'><strong>Veniunt</strong></span> <span class='ocrx_word' id='word_1_5' title='bbox 749 465 822 512; x_wconf 87' lang='lat' dir='ltr'><strong>mox</strong></span> <span class='ocrx_word' id='word_1_6' title='bbox 838 447 976 526; x_wconf 87' lang='lat' dir='ltr'><strong>praemla</strong></span> <span class='ocrx_word' id='word_1_7' title='bbox 991 445 1078 512; x_wconf 86' lang='lat' dir='ltr'><strong>caelo</strong></span> 
     </span>
     <span class='ocr_line' id='line_1_3' title="bbox 551 546 1084 625; baseline -0.004 -15"><span class='ocrx_word' id='word_1_8' title='bbox 551 549 747 625; x_wconf 79' lang='lat' dir='ltr'><strong>pretiumque</strong></span> <span class='ocrx_word' id='word_1_9' title='bbox 763 546 943 621; x_wconf 77' lang='lat' dir='ltr'><strong>rependitur</strong></span> <span class='ocrx_word' id='word_1_10' title='bbox 959 547 1084 622; x_wconf 79' lang='lat' dir='ltr'><strong>ingens,</strong></span> 
     </span>
     <span class='ocr_line' id='line_1_4' title="bbox 554 639 974 704; baseline -0.012 0"><span class='ocrx_word' id='word_1_11' title='bbox 554 658 625 704; x_wconf 88' lang='lat' dir='ltr'><strong>nam</strong></span> <span class='ocrx_word' id='word_1_12' title='bbox 642 643 759 704; x_wconf 81' lang='lat' dir='ltr'><strong>lunnina</strong></span> <span class='ocrx_word' id='word_1_13' title='bbox 774 640 880 701; x_wconf 86' lang='lat' dir='ltr'><strong>nescia</strong></span> <span class='ocrx_word' id='word_1_14' title='bbox 897 639 974 701; x_wconf 90' lang='lat' dir='ltr'><strong>solis</strong></span> 
     </span>
     <span class='ocr_line' id='line_1_5' title="bbox 551 736 987 801; baseline -0.011 0"><span class='ocrx_word' id='word_1_15' title='bbox 551 736 638 801; x_wconf 88' lang='lat' dir='ltr'><strong>Deus</strong></span> <span class='ocrx_word' id='word_1_16' title='bbox 653 738 746 800; x_wconf 90' lang='lat' dir='ltr'><strong>inlita</strong></span> <span class='ocrx_word' id='word_1_17' title='bbox 761 737 834 798; x_wconf 86' lang='lat' dir='ltr'><strong>selle</strong></span> <span class='ocrx_word' id='word_1_18' title='bbox 850 739 987 797; x_wconf 86' lang='lat' dir='ltr'><strong>serenat.</strong></span> 
     </span>
    </p>

    <p class='ocr_par' dir='ltr' id='par_1_3' title="bbox 552 825 1097 1176">
     <span class='ocr_line' id='line_1_6' title="bbox 597 825 1097 902; baseline -0.008 -10"><span class='ocrx_word' id='word_1_19' title='bbox 597 828 663 892; x_wconf 88' lang='lat' dir='ltr'><strong>Iam</strong></span> <span class='ocrx_word' id='word_1_20' title='bbox 678 835 755 892; x_wconf 90' lang='lat' dir='ltr'><strong>tunc</strong></span> <span class='ocrx_word' id='word_1_21' title='bbox 771 829 877 890; x_wconf 90' lang='lat' dir='ltr'><strong>docuit</strong></span> <span class='ocrx_word' id='word_1_22' title='bbox 890 825 987 889; x_wconf 91' lang='lat' dir='ltr'><strong>Pater</strong></span> <span class='ocrx_word' id='word_1_23' title='bbox 1001 827 1097 902; x_wconf 81' lang='lat' dir='ltr'><strong>ordis,</strong></span> 
     </span>
     <span class='ocr_line' id='line_1_7' title="bbox 553 923 977 1003; baseline -0.012 -15"><span class='ocrx_word' id='word_1_24' title='bbox 553 941 645 1003; x_wconf 83' lang='lat' dir='ltr'><strong>quarn</strong></span> <span class='ocrx_word' id='word_1_25' title='bbox 662 926 705 987; x_wconf 93' lang='lat' dir='ltr'><strong>sit</strong></span> <span class='ocrx_word' id='word_1_26' title='bbox 719 925 851 986; x_wconf 88' lang='lat' dir='ltr'><strong>rationis</strong></span> <span class='ocrx_word' id='word_1_27' title='bbox 867 923 977 1000; x_wconf 84' lang='lat' dir='ltr'><strong>egenis</strong></span> 
     </span>
     <span class='ocr_line' id='line_1_8' title="bbox 552 1017 997 1093; baseline -0.016 -9"><span class='ocrx_word' id='word_1_28' title='bbox 552 1022 682 1084; x_wconf 79' lang='lat' dir='ltr'><strong>mordax</strong></span> <span class='ocrx_word' id='word_1_29' title='bbox 697 1023 730 1080; x_wconf 91' lang='lat' dir='ltr'><strong>et</strong></span> <span class='ocrx_word' id='word_1_30' title='bbox 743 1032 850 1080; x_wconf 88' lang='lat' dir='ltr'><strong>amara</strong></span> <span class='ocrx_word' id='word_1_31' title='bbox 866 1017 997 1093; x_wconf 88' lang='lat' dir='ltr'><strong>medela,</strong></span> 
     </span>
     <span class='ocr_line' id='line_1_9' title="bbox 554 1112 1070 1176; baseline -0.008 -2"><span class='ocrx_word' id='word_1_32' title='bbox 554 1127 625 1176; x_wconf 87' lang='lat' dir='ltr'><strong>cum</strong></span> <span class='ocrx_word' id='word_1_33' title='bbox 641 1113 698 1174; x_wconf 85' lang='lat' dir='ltr'><strong>lux</strong></span> <span class='ocrx_word' id='word_1_34' title='bbox 713 1112 852 1172; x_wconf 87' lang='lat' dir='ltr'><strong>animun</strong></span> <span class='ocrx_word' id='word_1_35' title='bbox 867 1125 950 1172; x_wconf 90' lang='lat' dir='ltr'><strong>nova</strong></span> <span class='ocrx_word' id='word_1_36' title='bbox 964 1114 1070 1172; x_wconf 86' lang='lat' dir='ltr'><strong>vexat.</strong></span> 
     </span>
    </p>

    <p class='ocr_par' dir='ltr' id='par_1_4' title="bbox 553 1203 1147 1566">
     <span class='ocr_line' id='line_1_10' title="bbox 597 1203 1147 1281; baseline -0.011 -12"><span class='ocrx_word' id='word_1_37' title='bbox 597 1204 713 1269; x_wconf 84' lang='lat' dir='ltr'><strong>Docuit</strong></span> <span class='ocrx_word' id='word_1_38' title='bbox 727 1219 851 1281; x_wconf 80' lang='lat' dir='ltr'><strong>quoque</strong></span> <span class='ocrx_word' id='word_1_39' title='bbox 867 1219 929 1267; x_wconf 95' lang='lat' dir='ltr'><strong>non</strong></span> <span class='ocrx_word' id='word_1_40' title='bbox 945 1205 1033 1281; x_wconf 93' lang='lat' dir='ltr'><strong>prius</strong></span> <span class='ocrx_word' id='word_1_41' title='bbox 1049 1203 1147 1266; x_wconf 88' lang='lat' dir='ltr'><strong>ullum</strong></span> 
     </span>
     <span class='ocr_line' id='line_1_11' title="bbox 553 1303 968 1377; baseline -0.01 -13"><span class='ocrx_word' id='word_1_42' title='bbox 553 1303 699 1364; x_wconf 89' lang='lat' dir='ltr'><strong>caelestia</strong></span> <span class='ocrx_word' id='word_1_43' title='bbox 715 1313 844 1363; x_wconf 88' lang='lat' dir='ltr'><strong>cernere</strong></span> <span class='ocrx_word' id='word_1_44' title='bbox 858 1314 968 1377; x_wconf 79' lang='lat' dir='ltr'><strong>regna,</strong></span> 
     </span>
     <span class='ocr_line' id='line_1_12' title="bbox 553 1394 1047 1472; baseline -0.006 -14"><span class='ocrx_word' id='word_1_45' title='bbox 553 1411 646 1472; x_wconf 82' lang='lat' dir='ltr'><strong>quam</strong></span> <span class='ocrx_word' id='word_1_46' title='bbox 663 1399 755 1456; x_wconf 87' lang='lat' dir='ltr'><strong>nocte</strong></span> <span class='ocrx_word' id='word_1_47' title='bbox 771 1399 803 1456; x_wconf 89' lang='lat' dir='ltr'><strong>et</strong></span> <span class='ocrx_word' id='word_1_48' title='bbox 817 1394 948 1456; x_wconf 84' lang='lat' dir='ltr'><strong>vulnere</strong></span> <span class='ocrx_word' id='word_1_49' title='bbox 964 1394 1047 1456; x_wconf 89' lang='lat' dir='ltr'><strong>tristi</strong></span> 
     </span>
     <span class='ocr_line' id='line_1_13' title="bbox 553 1490 992 1566; baseline -0.005 -14"><span class='ocrx_word' id='word_1_50' title='bbox 553 1492 736 1554; x_wconf 79' lang='lat' dir='ltr'><strong>toleraverit</strong></span> <span class='ocrx_word' id='word_1_51' title='bbox 751 1505 861 1566; x_wconf 88' lang='lat' dir='ltr'><strong>aspera</strong></span> <span class='ocrx_word' id='word_1_52' title='bbox 875 1490 992 1552; x_wconf 80' lang='lat' dir='ltr'><strong>nurndi.</strong></span> 
     </span>
    </p>

    <p class='ocr_par' dir='ltr' id='par_1_5' title="bbox 553 1579 1067 1931">
     <span class='ocr_line' id='line_1_14' title="bbox 596 1579 1067 1658; baseline -0.002 -15"><span class='ocrx_word' id='word_1_53' title='bbox 596 1579 686 1644; x_wconf 86' lang='lat' dir='ltr'><strong>Mors</strong></span> <span class='ocrx_word' id='word_1_54' title='bbox 701 1582 770 1658; x_wconf 89' lang='lat' dir='ltr'><strong>ipsa</strong></span> <span class='ocrx_word' id='word_1_55' title='bbox 785 1581 906 1642; x_wconf 82' lang='lat' dir='ltr'><strong>beatior</strong></span> <span class='ocrx_word' id='word_1_56' title='bbox 920 1581 993 1642; x_wconf 93' lang='lat' dir='ltr'><strong>lnde</strong></span> <span class='ocrx_word' id='word_1_57' title='bbox 1008 1584 1067 1656; x_wconf 85' lang='lat' dir='ltr'><strong>est,</strong></span> 
     </span>
     <span class='ocr_line' id='line_1_15' title="bbox 554 1676 983 1753; baseline -0.007 -14"><span class='ocrx_word' id='word_1_58' title='bbox 554 1676 635 1753; x_wconf 83' lang='lat' dir='ltr'><strong>quod</strong></span> <span class='ocrx_word' id='word_1_59' title='bbox 651 1692 708 1753; x_wconf 90' lang='lat' dir='ltr'><strong>per</strong></span> <span class='ocrx_word' id='word_1_60' title='bbox 721 1677 914 1738; x_wconf 88' lang='lat' dir='ltr'><strong>cruciamina</strong></span> <span class='ocrx_word' id='word_1_61' title='bbox 928 1676 983 1737; x_wconf 90' lang='lat' dir='ltr'><strong>letl</strong></span> 
     </span>
     <span class='ocr_line' id='line_1_16' title="bbox 553 1772 989 1849; baseline -0.002 -16"><span class='ocrx_word' id='word_1_62' title='bbox 553 1773 605 1834; x_wconf 89' lang='lat' dir='ltr'><strong>vla</strong></span> <span class='ocrx_word' id='word_1_63' title='bbox 620 1773 767 1849; x_wconf 89' lang='lat' dir='ltr'><strong>panditur</strong></span> <span class='ocrx_word' id='word_1_64' title='bbox 780 1773 879 1834; x_wconf 86' lang='lat' dir='ltr'><strong>ardua</strong></span> <span class='ocrx_word' id='word_1_65' title='bbox 895 1772 989 1833; x_wconf 88' lang='lat' dir='ltr'><strong>iustis</strong></span> 
     </span>
     <span class='ocr_line' id='line_1_17' title="bbox 555 1869 1009 1931; baseline -0.004 -1"><span class='ocrx_word' id='word_1_66' title='bbox 555 1869 640 1930; x_wconf 89' lang='lat' dir='ltr'><strong>etad</strong></span> <span class='ocrx_word' id='word_1_67' title='bbox 656 1873 742 1930; x_wconf 90' lang='lat' dir='ltr'><strong>astra</strong></span> <span class='ocrx_word' id='word_1_68' title='bbox 758 1870 917 1931; x_wconf 86' lang='lat' dir='ltr'><strong>doloribus</strong></span> <span class='ocrx_word' id='word_1_69' title='bbox 933 1869 1009 1930; x_wconf 89' lang='lat' dir='ltr'><strong>itur.</strong></span> 
     </span>
    </p>

    <p class='ocr_par' dir='ltr' id='par_1_6' title="bbox 553 1958 1043 2321">
     <span class='ocr_line' id='line_1_18' title="bbox 599 1958 1002 2038; baseline -0.005 -14"><span class='ocrx_word' id='word_1_70' title='bbox 599 1958 653 2024; x_wconf 86' lang='lat' dir='ltr'><strong>Sic</strong></span> <span class='ocrx_word' id='word_1_71' title='bbox 669 1975 800 2038; x_wconf 89' lang='lat' dir='ltr'><strong>corpora</strong></span> <span class='ocrx_word' id='word_1_72' title='bbox 816 1962 1002 2024; x_wconf 78' lang='lat' dir='ltr'><strong>mortificata</strong></span> 
     </span>
     <span class='ocr_line' id='line_1_19' title="bbox 555 2054 1004 2131; baseline -0.004 -15"><span class='ocrx_word' id='word_1_73' title='bbox 555 2054 688 2116; x_wconf 88' lang='lat' dir='ltr'><strong>redeunt</strong></span> <span class='ocrx_word' id='word_1_74' title='bbox 703 2056 884 2117; x_wconf 86' lang='lat' dir='ltr'><strong>melioribus</strong></span> <span class='ocrx_word' id='word_1_75' title='bbox 900 2055 1004 2131; x_wconf 85' lang='lat' dir='ltr'><strong>annis,</strong></span> 
     </span>
     <span class='ocr_line' id='line_1_20' title="bbox 553 2150 1043 2226; baseline -0.004 -15"><span class='ocrx_word' id='word_1_76' title='bbox 553 2166 611 2212; x_wconf 91' lang='lat' dir='ltr'><strong>neo</strong></span> <span class='ocrx_word' id='word_1_77' title='bbox 626 2156 697 2226; x_wconf 91' lang='lat' dir='ltr'><strong>post</strong></span> <span class='ocrx_word' id='word_1_78' title='bbox 712 2152 830 2213; x_wconf 86' lang='lat' dir='ltr'><strong>obitum</strong></span> <span class='ocrx_word' id='word_1_79' title='bbox 847 2150 1043 2212; x_wconf 79' lang='lat' dir='ltr'><strong>recalescens</strong></span> 
     </span>
     <span class='ocr_line' id='line_1_21' title="bbox 557 2245 976 2321; baseline -0.002 -15"><span class='ocrx_word' id='word_1_80' title='bbox 557 2260 697 2321; x_wconf 84' lang='lat' dir='ltr'><strong>conpago</strong></span> <span class='ocrx_word' id='word_1_81' title='bbox 714 2247 861 2307; x_wconf 76' lang='lat' dir='ltr'><strong>fatiscere</strong></span> <span class='ocrx_word' id='word_1_82' title='bbox 876 2245 976 2306; x_wconf 85' lang='lat' dir='ltr'><strong>novit.</strong></span> 
     </span>
    </p>

    <p class='ocr_par' dir='ltr' id='par_1_7' title="bbox 554 2335 1118 2698">
     <span class='ocr_line' id='line_1_22' title="bbox 597 2335 1118 2414; baseline -0.008 -15"><span class='ocrx_word' id='word_1_83' title='bbox 597 2337 695 2414; x_wconf 87' lang='lat' dir='ltr'><strong>Haec,</strong></span> <span class='ocrx_word' id='word_1_84' title='bbox 714 2353 795 2413; x_wconf 84' lang='lat' dir='ltr'><strong>puae</strong></span> <span class='ocrx_word' id='word_1_85' title='bbox 810 2339 899 2399; x_wconf 82' lang='lat' dir='ltr'><strong>inodo</strong></span> <span class='ocrx_word' id='word_1_86' title='bbox 915 2337 1029 2414; x_wconf 90' lang='lat' dir='ltr'><strong>pallida</strong></span> <span class='ocrx_word' id='word_1_87' title='bbox 1045 2335 1118 2397; x_wconf 73' lang='lat' dir='ltr'><strong>talto</strong></span> 
     </span>
     <span class='ocr_line' id='line_1_23' title="bbox 556 2431 976 2509; baseline -0.005 -15"><span class='ocrx_word' id='word_1_88' title='bbox 556 2433 641 2494; x_wconf 91' lang='lat' dir='ltr'><strong>color</strong></span> <span class='ocrx_word' id='word_1_89' title='bbox 655 2431 778 2494; x_wconf 85' lang='lat' dir='ltr'><strong>albidus</strong></span> <span class='ocrx_word' id='word_1_90' title='bbox 794 2433 893 2493; x_wconf 88' lang='lat' dir='ltr'><strong>inlicit</strong></span> <span class='ocrx_word' id='word_1_91' title='bbox 908 2447 976 2509; x_wconf 86' lang='lat' dir='ltr'><strong>ora,</strong></span> 
     </span>
     <span class='ocr_line' id='line_1_24' title="bbox 554 2528 995 2592; baseline -0.009 -1"><span class='ocrx_word' id='word_1_92' title='bbox 554 2534 628 2592; x_wconf 89' lang='lat' dir='ltr'><strong>tunc</strong></span> <span class='ocrx_word' id='word_1_93' title='bbox 643 2529 720 2590; x_wconf 90' lang='lat' dir='ltr'><strong>tlorc</strong></span> <span class='ocrx_word' id='word_1_94' title='bbox 734 2529 898 2591; x_wconf 86' lang='lat' dir='ltr'><strong>venustior</strong></span> <span class='ocrx_word' id='word_1_95' title='bbox 913 2528 995 2589; x_wconf 86' lang='lat' dir='ltr'><strong>omni</strong></span> 
     </span>
     <span class='ocr_line' id='line_1_25' title="bbox 556 2622 1048 2698; baseline -0.01 -14"><span class='ocrx_word' id='word_1_96' title='bbox 556 2623 688 2698; x_wconf 81' lang='lat' dir='ltr'><strong>sanguis</strong></span> <span class='ocrx_word' id='word_1_97' title='bbox 704 2626 776 2682; x_wconf 88' lang='lat' dir='ltr'><strong>cute</strong></span> <span class='ocrx_word' id='word_1_98' title='bbox 790 2622 892 2697; x_wconf 84' lang='lat' dir='ltr'><strong>tinget</strong></span> <span class='ocrx_word' id='word_1_99' title='bbox 907 2633 1048 2680; x_wconf 86' lang='lat' dir='ltr'><strong>amoena.</strong></span> 
     </span>
    </p>

    <p class='ocr_par' dir='ltr' id='par_1_8' title="bbox 555 2714 1052 3055">
     <span class='ocr_line' id='line_1_26' title="bbox 597 2714 1052 2780; baseline -0.011 -2"><span class='ocrx_word' id='word_1_100' title='bbox 597 2715 661 2780; x_wconf 87' lang='lat' dir='ltr'><strong>lan</strong></span> <span class='ocrx_word' id='word_1_101' title='bbox 679 2716 766 2777; x_wconf 92' lang='lat' dir='ltr'><strong>nulla</strong></span> <span class='ocrx_word' id='word_1_102' title='bbox 781 2714 891 2775; x_wconf 90' lang='lat' dir='ltr'><strong>deinde</strong></span> <span class='ocrx_word' id='word_1_103' title='bbox 906 2717 1052 2774; x_wconf 88' lang='lat' dir='ltr'><strong>senectus</strong></span> 
     </span>
     <span class='ocr_line' id='line_1_27' title="bbox 555 2807 1035 2881; baseline -0.006 -13"><span class='ocrx_word' id='word_1_104' title='bbox 555 2809 668 2869; x_wconf 76' lang='lat' dir='ltr'><strong>frontis</strong></span> <span class='ocrx_word' id='word_1_105' title='bbox 685 2809 780 2869; x_wconf 87' lang='lat' dir='ltr'><strong>decus</strong></span> <span class='ocrx_word' id='word_1_106' title='bbox 796 2807 902 2868; x_wconf 88' lang='lat' dir='ltr'><strong>invida</strong></span> <span class='ocrx_word' id='word_1_107' title='bbox 917 2809 1035 2881; x_wconf 91' lang='lat' dir='ltr'><strong>carpet,</strong></span> 
     </span>
     <span class='ocr_line' id='line_1_28' title="bbox 555 2898 1041 2975; baseline -0.004 -14"><span class='ocrx_word' id='word_1_108' title='bbox 555 2902 672 2962; x_wconf 85' lang='lat' dir='ltr'><strong>nracies</strong></span> <span class='ocrx_word' id='word_1_109' title='bbox 685 2915 790 2975; x_wconf 84' lang='lat' dir='ltr'><strong>neque</strong></span> <span class='ocrx_word' id='word_1_110' title='bbox 806 2900 890 2960; x_wconf 91' lang='lat' dir='ltr'><strong>sicca</strong></span> <span class='ocrx_word' id='word_1_111' title='bbox 905 2898 1041 2960; x_wconf 86' lang='lat' dir='ltr'><strong>lacertos</strong></span> 
     </span>
     <span class='ocr_line' id='line_1_29' title="bbox 555 2993 910 3055; baseline -0.008 0"><span class='ocrx_word' id='word_1_112' title='bbox 555 3009 631 3055; x_wconf 91' lang='lat' dir='ltr'><strong>suco</strong></span> <span class='ocrx_word' id='word_1_113' title='bbox 648 2994 788 3055; x_wconf 82' lang='lat' dir='ltr'><strong>tenuabit</strong></span> <span class='ocrx_word' id='word_1_114' title='bbox 803 2993 910 3054; x_wconf 89' lang='lat' dir='ltr'><strong>adeso.</strong></span> 
     </span>
    </p>

    <p class='ocr_par' dir='ltr' id='par_1_9' title="bbox 553 3085 1129 3337">
     <span class='ocr_line' id='line_1_30' title="bbox 593 3085 1129 3163; baseline -0.007 -14"><span class='ocrx_word' id='word_1_115' title='bbox 593 3085 726 3150; x_wconf 86' lang='lat' dir='ltr'><strong>Morbus</strong></span> <span class='ocrx_word' id='word_1_116' title='bbox 742 3101 865 3163; x_wconf 80' lang='lat' dir='ltr'><strong>quoque</strong></span> <span class='ocrx_word' id='word_1_117' title='bbox 881 3086 1022 3162; x_wconf 80' lang='lat' dir='ltr'><strong>pestifer,</strong></span> <span class='ocrx_word' id='word_1_118' title='bbox 1041 3088 1129 3146; x_wconf 89' lang='lat' dir='ltr'><strong>artus</strong></span> 
     </span>
     <span class='ocr_line' id='line_1_31' title="bbox 554 3180 1047 3257; baseline -0.008 -13"><span class='ocrx_word' id='word_1_119' title='bbox 554 3184 607 3257; x_wconf 85' lang='lat' dir='ltr'><strong>pul</strong></span> <span class='ocrx_word' id='word_1_120' title='bbox 623 3197 707 3243; x_wconf 91' lang='lat' dir='ltr'><strong>nunc</strong></span> <span class='ocrx_word' id='word_1_121' title='bbox 722 3180 890 3257; x_wconf 81' lang='lat' dir='ltr'><strong>populatur</strong></span> <span class='ocrx_word' id='word_1_122' title='bbox 906 3180 1047 3256; x_wconf 86' lang='lat' dir='ltr'><strong>anhelos,</strong></span> 
     </span>
     <span class='ocr_line' id='line_1_32' title="bbox 553 3274 1043 3337; baseline -0.008 -1"><span class='ocrx_word' id='word_1_123' title='bbox 553 3290 611 3337; x_wconf 92' lang='lat' dir='ltr'><strong>sua</strong></span> <span class='ocrx_word' id='word_1_124' title='bbox 628 3279 703 3337; x_wconf 89' lang='lat' dir='ltr'><strong>tunc</strong></span> <span class='ocrx_word' id='word_1_125' title='bbox 717 3278 873 3336; x_wconf 88' lang='lat' dir='ltr'><strong>tormenta</strong></span> <span class='ocrx_word' id='word_1_126' title='bbox 890 3274 1043 3335; x_wconf 77' lang='lat' dir='ltr'><strong>resudans</strong></span> 
     </span>
    </p>
   </div>
   <div class='ocr_carea' id='block_1_3' title="bbox 257 3385 1406 4139">
    <p class='ocr_par' dir='ltr' id='par_1_10' title="bbox 257 3385 1406 4139">
     <span class='ocr_line' id='line_1_33' title="bbox 330 3385 1404 3460; baseline -0.004 -16"><span class='ocrx_word' id='word_1_127' title='bbox 330 3395 371 3444; x_wconf 81' lang='lat'><strong>78.</strong></span> <span class='ocrx_word' id='word_1_128' title='bbox 390 3394 580 3459; x_wconf 82' lang='lat' dir='ltr'><strong>Premiumqoe</strong></span> <span class='ocrx_word' id='word_1_129' title='bbox 593 3394 623 3444; x_wconf 77' lang='lat' dir='ltr'><strong>A.</strong></span> <span class='ocrx_word' id='word_1_130' title='bbox 791 3394 834 3443; x_wconf 83' lang='lat'><strong>82.</strong></span> <span class='ocrx_word' id='word_1_131' title='bbox 854 3409 953 3460; x_wconf 78' lang='lat' dir='ltr'><strong>egenus</strong></span> <span class='ocrx_word' id='word_1_132' title='bbox 967 3393 989 3444; x_wconf 79' lang='grc' dir='ltr'>Α</span> <span class='ocrx_word' id='word_1_133' title='bbox 1002 3394 1064 3458; x_wconf 90' lang='lat' dir='ltr'><strong>(non</strong></span> <span class='ocrx_word' id='word_1_134' title='bbox 1079 3391 1183 3454; x_wconf 69' lang='lat' dir='ltr'><strong>Lanu),</strong></span> <span class='ocrx_word' id='word_1_135' title='bbox 1215 3403 1299 3454; x_wconf 71' lang='lat' dir='ltr'><strong>egena</strong></span> <span class='ocrx_word' id='word_1_136' title='bbox 1313 3385 1404 3451; x_wconf 65' lang='lat' dir='ltr'><strong>Pras.</strong></span> 
     </span>
     <span class='ocr_line' id='line_1_34' title="bbox 260 3455 1403 3514; baseline -0.003 -2"><span class='ocrx_word' id='word_1_137' title='bbox 260 3462 318 3513; x_wconf 83' lang='lat' dir='ltr'><strong>ilat.</strong></span> <span class='ocrx_word' id='word_1_138' title='bbox 333 3462 348 3511; x_wconf 91' lang='lat' dir='ltr'>b</span> <span class='ocrx_word' id='word_1_139' title='bbox 362 3463 370 3511; x_wconf 92' lang='lat' dir='ltr'><strong>i</strong></span> <span class='ocrx_word' id='word_1_140' title='bbox 386 3460 425 3513; x_wconf 89' lang='lat' dir='ltr'><strong>lso</strong></span> <span class='ocrx_word' id='word_1_141' title='bbox 439 3461 509 3513; x_wconf 83' lang='lat' dir='ltr'><strong>Sielr.</strong></span> <span class='ocrx_word' id='word_1_142' title='bbox 520 3471 573 3513; x_wconf 86' lang='lat' dir='ltr'><strong>tres</strong></span> <span class='ocrx_word' id='word_1_143' title='bbox 587 3462 662 3514; x_wconf 84' lang='lat' dir='ltr'><strong>Fubr.</strong></span> <span class='ocrx_word' id='word_1_144' title='bbox 678 3461 774 3513; x_wconf 85' lang='lat' dir='ltr'><strong>Weitz.</strong></span> <span class='ocrx_word' id='word_1_145' title='bbox 791 3461 867 3512; x_wconf 85' lang='lat' dir='ltr'><strong>Chor.</strong></span> <span class='ocrx_word' id='word_1_146' title='bbox 884 3462 967 3512; x_wconf 87' lang='lat' dir='ltr'><strong>Poett.</strong></span> <span class='ocrx_word' id='word_1_147' title='bbox 1114 3460 1157 3510; x_wconf 87' lang='grc'><strong>84.</strong></span> <span class='ocrx_word' id='word_1_148' title='bbox 1177 3461 1297 3507; x_wconf 76' lang='lat' dir='ltr'><strong>cadmum</strong></span> <span class='ocrx_word' id='word_1_149' title='bbox 1310 3455 1403 3508; x_wconf 71' lang='lat' dir='ltr'><strong>Laus.</strong></span> 
     </span>
     <span class='ocr_line' id='line_1_35' title="bbox 260 3524 1402 3596; baseline -0.004 -18"><span class='ocrx_word' id='word_1_150' title='bbox 260 3547 277 3578; x_wconf 86' lang='grc' dir='ltr'><strong><em>α</em></strong></span> <span class='ocrx_word' id='word_1_151' title='bbox 290 3546 305 3579; x_wconf 79' lang='lat' dir='ltr'><strong>a</strong></span> <span class='ocrx_word' id='word_1_152' title='bbox 318 3530 333 3578; x_wconf 88' lang='lat' dir='ltr'>b</span> <span class='ocrx_word' id='word_1_153' title='bbox 346 3531 356 3579; x_wconf 91' lang='lat' dir='ltr'><strong>i</strong></span> <span class='ocrx_word' id='word_1_154' title='bbox 369 3546 383 3578; x_wconf 92' lang='lat' dir='ltr'><strong>o</strong></span> <span class='ocrx_word' id='word_1_155' title='bbox 397 3546 411 3595; x_wconf 89' lang='lat' dir='ltr'><strong>p</strong></span> <span class='ocrx_word' id='word_1_156' title='bbox 425 3545 440 3594; x_wconf 84' lang='lat' dir='ltr'>q</span> <span class='ocrx_word' id='word_1_157' title='bbox 453 3547 469 3580; x_wconf 97' lang='lat' dir='ltr'><strong>u</strong></span> <span class='ocrx_word' id='word_1_158' title='bbox 488 3531 547 3582; x_wconf 74' lang='lat' dir='ltr'><strong>ald.</strong></span> <span class='ocrx_word' id='word_1_159' title='bbox 562 3532 643 3596; x_wconf 71' lang='lat' dir='ltr'><strong>bugd.</strong></span> <span class='ocrx_word' id='word_1_160' title='bbox 659 3531 793 3581; x_wconf 85' lang='lat' dir='ltr'><strong>Sieb.tres</strong></span> <span class='ocrx_word' id='word_1_161' title='bbox 812 3529 891 3580; x_wconf 68' lang='lat' dir='ltr'><strong>rade.</strong></span> <span class='ocrx_word' id='word_1_162' title='bbox 913 3528 970 3580; x_wconf 86' lang='lat' dir='ltr'><strong>Gis.</strong></span> <span class='ocrx_word' id='word_1_163' title='bbox 985 3527 1082 3580; x_wconf 83' lang='lat' dir='ltr'><strong>Weitz.</strong></span> <span class='ocrx_word' id='word_1_164' title='bbox 1102 3526 1179 3577; x_wconf 83' lang='lat' dir='ltr'><strong>Cher.</strong></span> <span class='ocrx_word' id='word_1_165' title='bbox 1194 3525 1278 3575; x_wconf 87' lang='lat' dir='ltr'><strong>Poett.</strong></span> <span class='ocrx_word' id='word_1_166' title='bbox 1293 3524 1402 3576; x_wconf 79' lang='lat' dir='ltr'><strong>Amutr.</strong></span> 
     </span>
     <span class='ocr_line' id='line_1_36' title="bbox 259 3591 1403 3664; baseline -0.002 -18"><span class='ocrx_word' id='word_1_167' title='bbox 259 3597 347 3646; x_wconf 84' lang='lat' dir='ltr'><strong>Heius.</strong></span> <span class='ocrx_word' id='word_1_168' title='bbox 362 3597 451 3647; x_wconf 87' lang='lat' dir='ltr'><strong>Cham.</strong></span> <span class='ocrx_word' id='word_1_169' title='bbox 467 3598 533 3650; x_wconf 89' lang='lat' dir='ltr'><strong>Cell.</strong></span> <span class='ocrx_word' id='word_1_170' title='bbox 548 3599 626 3664; x_wconf 87' lang='lat' dir='ltr'><strong>0bb.‚</strong></span> <span class='ocrx_word' id='word_1_171' title='bbox 647 3603 768 3650; x_wconf 81' lang='lat' dir='ltr'><strong>animem</strong></span> <span class='ocrx_word' id='word_1_172' title='bbox 782 3599 859 3648; x_wconf 83' lang='lat' dir='ltr'><strong>Areu.</strong></span> <span class='ocrx_word' id='word_1_173' title='bbox 1001 3598 1044 3648; x_wconf 90' lang='grc'><strong>86.</strong></span> <span class='ocrx_word' id='word_1_174' title='bbox 1059 3596 1190 3646; x_wconf 79' lang='lat' dir='ltr'><strong>scandere</strong></span> <span class='ocrx_word' id='word_1_175' title='bbox 1202 3608 1288 3658; x_wconf 82' lang='lat' dir='ltr'><strong>regna</strong></span> <span class='ocrx_word' id='word_1_176' title='bbox 1301 3591 1348 3642; x_wconf 72' lang='lat' dir='ltr'><strong>Ta</strong></span> <span class='ocrx_word' id='word_1_177' title='bbox 1359 3609 1403 3644; x_wconf 87' lang='lat' dir='ltr'><strong>rr.</strong></span> 
     </span>
     <span class='ocr_line' id='line_1_37' title="bbox 260 3661 1404 3731; baseline 0 -19"><span class='ocrx_word' id='word_1_178' title='bbox 260 3662 477 3731; x_wconf 67' lang='grc'><strong>[0111111081.</strong></span> <span class='ocrx_word' id='word_1_179' title='bbox 636 3669 678 3718; x_wconf 83' lang='lat'><strong>88.</strong></span> <span class='ocrx_word' id='word_1_180' title='bbox 703 3666 844 3717; x_wconf 81' lang='lat' dir='ltr'><strong>Toleraue&#39;t</strong></span> <span class='ocrx_word' id='word_1_181' title='bbox 863 3681 887 3715; x_wconf 89' lang='lat' dir='ltr'><strong>o.</strong></span> <span class='ocrx_word' id='word_1_182' title='bbox 1044 3665 1087 3715; x_wconf 90' lang='grc'><strong>90.</strong></span> <span class='ocrx_word' id='word_1_183' title='bbox 1119 3663 1232 3723; x_wconf 81' lang='lat' dir='ltr'><strong>Com03</strong></span> <span class='ocrx_word' id='word_1_184' title='bbox 1258 3661 1359 3731; x_wconf 73' lang='lat' dir='ltr'><strong>munde·</strong></span> <span class='ocrx_word' id='word_1_185' title='bbox 1379 3663 1404 3712; x_wconf 87' lang='lat' dir='ltr'><strong>ll</strong></span> 
     </span>
     <span class='ocr_line' id='line_1_38' title="bbox 259 3730 1406 3800; baseline -0.004 -15"><span class='ocrx_word' id='word_1_186' title='bbox 259 3746 349 3796; x_wconf 73' lang='lat' dir='ltr'><strong>supra·</strong></span> <span class='ocrx_word' id='word_1_187' title='bbox 407 3731 409 3736; x_wconf 75' lang='grc'>’</span> <span class='ocrx_word' id='word_1_188' title='bbox 486 3735 529 3786; x_wconf 84' lang='lat'><strong>92.</strong></span> <span class='ocrx_word' id='word_1_189' title='bbox 553 3734 625 3787; x_wconf 81' lang='lat' dir='ltr'><strong>uto.</strong></span> <span class='ocrx_word' id='word_1_190' title='bbox 765 3735 807 3784; x_wconf 78' lang='lat'><strong>95.</strong></span> <span class='ocrx_word' id='word_1_191' title='bbox 828 3737 999 3800; x_wconf 81' lang='lat' dir='ltr'><strong>Necopuco.</strong></span> <span class='ocrx_word' id='word_1_192' title='bbox 1141 3731 1184 3779; x_wconf 87' lang='grc'><strong>96.</strong></span> <span class='ocrx_word' id='word_1_193' title='bbox 1196 3731 1341 3794; x_wconf 77' lang='lat' dir='ltr'><strong>fatescere</strong></span> <span class='ocrx_word' id='word_1_194' title='bbox 1358 3730 1406 3780; x_wconf 88' lang='grc' dir='ltr'><strong>1α</strong></span> 
     </span>
     <span class='ocr_line' id='line_1_39' title="bbox 259 3797 1404 3869; baseline -0.004 -15"><span class='ocrx_word' id='word_1_195' title='bbox 259 3815 284 3864; x_wconf 83' lang='lat' dir='ltr'><strong>p.</strong></span> <span class='ocrx_word' id='word_1_196' title='bbox 300 3797 395 3850; x_wconf 76' lang='lat' dir='ltr'><strong>Weitz·</strong></span> <span class='ocrx_word' id='word_1_197' title='bbox 570 3804 628 3854; x_wconf 92' lang='grc'><strong>100.</strong></span> <span class='ocrx_word' id='word_1_198' title='bbox 650 3807 758 3869; x_wconf 78' lang='lat' dir='ltr'><strong>tinguet</strong></span> <span class='ocrx_word' id='word_1_199' title='bbox 771 3819 789 3851; x_wconf 81' lang='grc' dir='ltr'><strong><em>α</em></strong></span> <span class='ocrx_word' id='word_1_200' title='bbox 801 3816 817 3851; x_wconf 83' lang='lat' dir='ltr'><strong>a</strong></span> <span class='ocrx_word' id='word_1_201' title='bbox 830 3801 845 3850; x_wconf 91' lang='lat' dir='ltr'>b</span> <span class='ocrx_word' id='word_1_202' title='bbox 859 3817 873 3850; x_wconf 93' lang='lat' dir='ltr'><strong>o</strong></span> <span class='ocrx_word' id='word_1_203' title='bbox 885 3816 915 3866; x_wconf 89' lang='lat' dir='ltr'><strong>p,</strong></span> <span class='ocrx_word' id='word_1_204' title='bbox 947 3803 1034 3866; x_wconf 79' lang='lat' dir='ltr'><strong>tingit</strong></span> <span class='ocrx_word' id='word_1_205' title='bbox 1053 3801 1064 3850; x_wconf 96' lang='grc'><strong>1</strong></span> <span class='ocrx_word' id='word_1_206' title='bbox 1081 3801 1107 3862; x_wconf 91' lang='grc'><strong>1,</strong></span> <span class='ocrx_word' id='word_1_207' title='bbox 1139 3798 1179 3849; x_wconf 88' lang='lat' dir='ltr'><strong>lso</strong></span> <span class='ocrx_word' id='word_1_208' title='bbox 1193 3811 1292 3861; x_wconf 86' lang='lat' dir='ltr'><strong>quoqne</strong></span> <span class='ocrx_word' id='word_1_209' title='bbox 1307 3810 1404 3859; x_wconf 74' lang='lat' dir='ltr'><strong>prees.</strong></span> 
     </span>
     <span class='ocr_line' id='line_1_40' title="bbox 258 3863 1404 3930; baseline 0 -14"><span class='ocrx_word' id='word_1_210' title='bbox 258 3867 353 3930; x_wconf 64' lang='lat' dir='ltr'><strong>legisse</strong></span> <span class='ocrx_word' id='word_1_211' title='bbox 367 3867 478 3918; x_wconf 85' lang='lat' dir='ltr'><strong>videtur.</strong></span> <span class='ocrx_word' id='word_1_212' title='bbox 632 3872 690 3921; x_wconf 94' lang='grc'><strong>101.</strong></span> <span class='ocrx_word' id='word_1_213' title='bbox 709 3871 766 3922; x_wconf 87' lang='lat' dir='ltr'><strong>Iam</strong></span> <span class='ocrx_word' id='word_1_214' title='bbox 785 3871 797 3920; x_wconf 95' lang='lat'>1</span> <span class='ocrx_word' id='word_1_215' title='bbox 812 3871 835 3919; x_wconf 78' lang='lat' dir='ltr'>A</span> <span class='ocrx_word' id='word_1_216' title='bbox 847 3869 866 3919; x_wconf 89' lang='lat' dir='ltr'>P</span> <span class='ocrx_word' id='word_1_217' title='bbox 879 3868 901 3919; x_wconf 80' lang='grc'><strong>11</strong></span> <span class='ocrx_word' id='word_1_218' title='bbox 914 3868 936 3918; x_wconf 88' lang='grc' dir='ltr'>Τ</span> <span class='ocrx_word' id='word_1_219' title='bbox 949 3867 984 3919; x_wconf 92' lang='lat' dir='ltr'>W</span> <span class='ocrx_word' id='word_1_220' title='bbox 999 3868 1077 3919; x_wconf 79' lang='lat' dir='ltr'><strong>Lanu.</strong></span> <span class='ocrx_word' id='word_1_221' title='bbox 1093 3867 1150 3916; x_wconf 89' lang='lat' dir='ltr'><strong>Pnt.</strong></span> <span class='ocrx_word' id='word_1_222' title='bbox 1164 3864 1209 3915; x_wconf 80' lang='lat' dir='ltr'><strong>alii</strong></span> <span class='ocrx_word' id='word_1_223' title='bbox 1224 3865 1273 3914; x_wconf 87' lang='lat' dir='ltr'><strong>duo</strong></span> <span class='ocrx_word' id='word_1_224' title='bbox 1287 3863 1404 3915; x_wconf 81' lang='lat' dir='ltr'><strong>Heinss.</strong></span> 
     </span>
     <span class='ocr_line' id='line_1_41' title="bbox 258 3931 1404 4002; baseline 0 -18"><span class='ocrx_word' id='word_1_225' title='bbox 258 3950 304 3985; x_wconf 78' lang='lat' dir='ltr'><strong>aa</strong></span> <span class='ocrx_word' id='word_1_226' title='bbox 319 3936 333 3984; x_wconf 90' lang='lat' dir='ltr'>b</span> <span class='ocrx_word' id='word_1_227' title='bbox 346 3935 354 3985; x_wconf 92' lang='grc'><strong>1</strong></span> <span class='ocrx_word' id='word_1_228' title='bbox 368 3951 382 3984; x_wconf 92' lang='lat' dir='ltr'><strong>o</strong></span> <span class='ocrx_word' id='word_1_229' title='bbox 395 3951 410 4001; x_wconf 87' lang='lat' dir='ltr'><strong>p</strong></span> <span class='ocrx_word' id='word_1_230' title='bbox 423 3951 437 4002; x_wconf 87' lang='lat' dir='ltr'><strong>q</strong></span> <span class='ocrx_word' id='word_1_231' title='bbox 450 3952 467 3986; x_wconf 89' lang='lat' dir='ltr'><strong>u</strong></span> <span class='ocrx_word' id='word_1_232' title='bbox 479 3937 537 3987; x_wconf 77' lang='lat' dir='ltr'><strong>aid.</strong></span> <span class='ocrx_word' id='word_1_233' title='bbox 551 3938 631 4002; x_wconf 73' lang='lat' dir='ltr'><strong>Lugd.</strong></span> <span class='ocrx_word' id='word_1_234' title='bbox 643 3939 732 3989; x_wconf 82' lang='lat' dir='ltr'><strong>Heius.</strong></span> <span class='ocrx_word' id='word_1_235' title='bbox 743 3938 809 3989; x_wconf 87' lang='lat' dir='ltr'><strong>Cell.</strong></span> <span class='ocrx_word' id='word_1_236' title='bbox 820 3938 899 3987; x_wconf 81' lang='lat' dir='ltr'><strong>Areu.</strong></span> <span class='ocrx_word' id='word_1_237' title='bbox 911 3935 988 4001; x_wconf 89' lang='lat' dir='ltr'>0bb.,</span> <span class='ocrx_word' id='word_1_238' title='bbox 1007 3936 1078 3988; x_wconf 85' lang='lat' dir='ltr'><strong>Nam</strong></span> <span class='ocrx_word' id='word_1_239' title='bbox 1093 3935 1162 3986; x_wconf 78' lang='lat' dir='ltr'><strong>stet.</strong></span> <span class='ocrx_word' id='word_1_240' title='bbox 1171 3941 1225 3983; x_wconf 84' lang='lat' dir='ltr'><strong>tres</strong></span> <span class='ocrx_word' id='word_1_241' title='bbox 1239 3931 1319 3981; x_wconf 70' lang='lat' dir='ltr'><strong>reor.</strong></span> <span class='ocrx_word' id='word_1_242' title='bbox 1336 3931 1404 3984; x_wconf 85' lang='lat' dir='ltr'><strong>Gis.</strong></span> 
     </span>
     <span class='ocr_line' id='line_1_42' title="bbox 257 3999 1406 4071; baseline -0.002 -17"><span class='ocrx_word' id='word_1_243' title='bbox 257 4002 355 4054; x_wconf 86' lang='lat' dir='ltr'><strong>Weitz.</strong></span> <span class='ocrx_word' id='word_1_244' title='bbox 372 4003 449 4054; x_wconf 76' lang='lat' dir='ltr'><strong>cnon.</strong></span> <span class='ocrx_word' id='word_1_245' title='bbox 466 4005 549 4057; x_wconf 83' lang='lat' dir='ltr'><strong>Poett.</strong></span> <span class='ocrx_word' id='word_1_246' title='bbox 563 4007 662 4058; x_wconf 80' lang='lat' dir='ltr'><strong>Amstr.</strong></span> <span class='ocrx_word' id='word_1_247' title='bbox 814 4005 873 4056; x_wconf 82' lang='grc'><strong>102.</strong></span> <span class='ocrx_word' id='word_1_248' title='bbox 893 4009 984 4071; x_wconf 80' lang='lat' dir='ltr'><strong>carpit</strong></span> <span class='ocrx_word' id='word_1_249' title='bbox 997 4006 1008 4054; x_wconf 94' lang='grc'><strong>1</strong></span> <span class='ocrx_word' id='word_1_250' title='bbox 1021 4005 1040 4054; x_wconf 96' lang='grc'><strong>1.</strong></span> <span class='ocrx_word' id='word_1_251' title='bbox 1197 4001 1256 4051; x_wconf 87' lang='grc'><strong>104.</strong></span> <span class='ocrx_word' id='word_1_252' title='bbox 1276 3999 1363 4049; x_wconf 77' lang='lat' dir='ltr'><strong>aleco</strong></span> <span class='ocrx_word' id='word_1_253' title='bbox 1381 4001 1406 4052; x_wconf 87' lang='grc'><strong>11</strong></span> 
     </span>
     <span class='ocr_line' id='line_1_43' title="bbox 258 4066 1405 4139; baseline -0.001 -17"><span class='ocrx_word' id='word_1_254' title='bbox 258 4074 359 4138; x_wconf 85' lang='lat' dir='ltr'><strong>(supra)</strong></span> <span class='ocrx_word' id='word_1_255' title='bbox 372 4071 471 4124; x_wconf 86' lang='lat' dir='ltr'><strong>Weitz.</strong></span> <span class='ocrx_word' id='word_1_256' title='bbox 579 4077 637 4127; x_wconf 86' lang='grc'><strong>106.</strong></span> <span class='ocrx_word' id='word_1_257' title='bbox 657 4075 752 4125; x_wconf 79' lang='lat' dir='ltr'><strong>andalo</strong></span> <span class='ocrx_word' id='word_1_258' title='bbox 765 4074 848 4139; x_wconf 71' lang='lat' dir='ltr'><strong>Lugii.</strong></span> <span class='ocrx_word' id='word_1_259' title='bbox 951 4073 1010 4123; x_wconf 86' lang='grc'><strong>101.</strong></span> <span class='ocrx_word' id='word_1_260' title='bbox 1026 4072 1083 4137; x_wconf 79' lang='lat' dir='ltr'><strong>Qua</strong></span> <span class='ocrx_word' id='word_1_261' title='bbox 1097 4088 1128 4137; x_wconf 80' lang='lat' dir='ltr'><strong>p3</strong></span> <span class='ocrx_word' id='word_1_262' title='bbox 1148 4084 1220 4120; x_wconf 80' lang='lat' dir='ltr'><strong>acac</strong></span> <span class='ocrx_word' id='word_1_263' title='bbox 1232 4068 1292 4118; x_wconf 80' lang='lat' dir='ltr'><strong>All.</strong></span> <span class='ocrx_word' id='word_1_264' title='bbox 1309 4066 1405 4132; x_wconf 73' lang='lat' dir='ltr'><strong>bugd.</strong></span> 
     </span>
    </p>
   </div>
   <div class='ocr_carea' id='block_1_4' title="bbox 257 4181 1180 4314">
    <p class='ocr_par' dir='ltr' id='par_1_11' title="bbox 257 4181 1180 4314">
     <span class='ocr_line' id='line_1_44' title="bbox 310 4181 1180 4250; baseline -0.002 -18"><span class='ocrx_word' id='word_1_265' title='bbox 310 4183 367 4232; x_wconf 85' lang='grc'><strong>101.</strong></span> <span class='ocrx_word' id='word_1_266' title='bbox 387 4181 469 4233; x_wconf 83' lang='lat' dir='ltr'><strong>Morbi</strong></span> <span class='ocrx_word' id='word_1_267' title='bbox 480 4198 535 4234; x_wconf 85' lang='lat' dir='ltr'><strong>cum</strong></span> <span class='ocrx_word' id='word_1_268' title='bbox 545 4185 618 4235; x_wconf 80' lang='lat' dir='ltr'><strong>hoste</strong></span> <span class='ocrx_word' id='word_1_269' title='bbox 630 4184 798 4250; x_wconf 75' lang='lat' dir='ltr'><strong>comparatio,</strong></span> <span class='ocrx_word' id='word_1_270' title='bbox 843 4198 906 4250; x_wconf 83' lang='lat' dir='ltr'><strong>pore</strong></span> <span class='ocrx_word' id='word_1_271' title='bbox 919 4183 975 4249; x_wconf 82' lang='lat' dir='ltr'><strong>ipse</strong></span> <span class='ocrx_word' id='word_1_272' title='bbox 987 4197 1083 4249; x_wconf 87' lang='lat' dir='ltr'><strong>poenus</strong></span> <span class='ocrx_word' id='word_1_273' title='bbox 1099 4181 1180 4232; x_wconf 74' lang='lat' dir='ltr'><strong>dabit.</strong></span> 
     </span>
     <span class='ocr_line' id='line_1_45' title="bbox 257 4249 799 4314; baseline 0.004 -16"><span class='ocrx_word' id='word_1_274' title='bbox 257 4249 298 4313; x_wconf 85' lang='lat' dir='ltr'><strong>qui</strong></span> <span class='ocrx_word' id='word_1_275' title='bbox 312 4265 368 4299; x_wconf 85' lang='lat' dir='ltr'><strong>curn</strong></span> <span class='ocrx_word' id='word_1_276' title='bbox 382 4265 483 4302; x_wconf 84' lang='lat' dir='ltr'><strong>curnem</strong></span> <span class='ocrx_word' id='word_1_277' title='bbox 498 4253 636 4314; x_wconf 79' lang='lat' dir='ltr'><strong>addixerit,</strong></span> <span class='ocrx_word' id='word_1_278' title='bbox 651 4253 720 4302; x_wconf 84' lang='lat' dir='ltr'><strong>iusto</strong></span> <span class='ocrx_word' id='word_1_279' title='bbox 734 4258 799 4301; x_wconf 88' lang='lat' dir='ltr'><strong>tcm-</strong></span> 
     </span>
    </p>
   </div>
   <div class='ocr_carea' id='block_1_5' title="bbox 0 0 1531 4830">
    <p class='ocr_par' dir='ltr' id='par_1_12' title="bbox 0 0 1531 4830">
     <span class='ocr_line' id='line_1_46' title="bbox 0 0 1531 4830; baseline 0 0"><span class='ocrx_word' id='word_1_280' title='bbox 0 0 1531 4830; x_wconf 95' lang='lat' dir='ltr'><strong> </strong></span> 
     </span>
    </p>
   </div>
  </div>
 </body>
</html>
