3046 4830
576 321 795 374 aroruuosm.

208 515 411 588 humentique
427 512 494 572 acle
509 511 610 587 poluit
625 511 794 571 nebulosus
811 511 907 572 adire.

215 605 356 690 Quisque
372 605 529 667 dominum
543 604 660 666 vidisse
677 601 775 665 licum
793 610 994 682 memoratur,
1013 608 1051 667 als
1067 610 1134 683 ipso

212 703 353 764 inlusum
367 701 446 760 vidit
460 702 585 760 natum:
604 713 673 758 nam
691 694 789 758 Filius
805 699 864 759 hoc
879 702 939 774 est,

214 797 294 871 quod
314 796 349 855 de
364 791 458 855 Patre
474 791 591 852 micans
607 805 641 852 se
654 792 811 866 praestilit
824 792 1051 868 inspiciendum

212 907 268 969 per
282 891 414 966 specics,
432 902 510 964 quas
526 888 625 962 possit
640 888 730 947 homo
746 889 957 962 conprendere
973 890 1053 952 visu.
1222 901 1254 951 as

212 984 294 1050 Nam
311 1001 396 1048 mera
412 984 558 1046 maiestas
574 985 770 1060 estinanter,
789 1000 845 1046 nec
861 987 959 1047 intrat

213 1084 353 1156 obtulus,
372 1081 475 1156 aliquo
492 1081 551 1141 uisi
569 1095 604 1140 se
620 1081 828 1141 moderamine
844 1081 968 1142 formet.

216 1176 282 1240 lloc
297 1176 376 1236 vidit
390 1177 533 1250 princeps
549 1174 695 1250 generosi
710 1175 838 1236 seminis
855 1173 984 1252 Abram,

216 1277 277 1337 iam
293 1280 369 1336 tunc
385 1275 505 1350 dignati
520 1277 623 1335 terras
637 1273 776 1334 invisere
792 1269 912 1335 Cirristi

215 1374 327 1448 hospes
343 1371 446 1445 homo,
464 1369 496 1430 ln
513 1370 665 1445 triplicem
682 1383 797 1431 numen
814 1371 954 1431 radiasse
970 1373 1112 1447 liguram.
1226 1383 1259 1432 ao

215 1464 282 1528 lloc
298 1464 505 1526 conluctantis
521 1468 698 1525 tractarunt
715 1465 841 1526 brachia
858 1463 960 1529 iacob.

214 1557 285 1637 Ipse
299 1562 389 1620 dator
405 1559 484 1634 legis
501 1559 623 1620 divinae
639 1561 785 1620 accedere
801 1575 904 1622 coram

217 1656 335 1728 iussus,
354 1654 509 1714 amicitiae
524 1653 647 1714 conlato
663 1653 714 1728 qui
732 1654 822 1714 stetit
839 1668 893 1714 ore

216 1751 368 1824 cominus,
388 1753 419 1808 et
434 1748 534 1809 sacris
551 1747 714 1808 coniunxit
729 1749 822 1810 verba
840 1748 985 1825 loquelis,

216 1846 321 1906 caruis
337 1845 369 1905 io
386 1845 491 1919 effigie
507 1839 669 1905 Christum
686 1857 863 1905 secernere
879 1846 997 1906 sensit:

217 1940 270 2000 sed
287 1939 404 2000 uraiom
419 1943 528 2014 petens
545 1939 683 1998 animum
698 1950 755 2012 per
768 1941 843 1998 vota
859 1939 991 2000 tetendit

217 2033 398 2094 inconcessa
415 2031 541 2106 nomini,
560 2031 630 2105 plus
646 2043 738 2105 quam
754 2031 885 2092 mortale
901 2032 1059 2108 inuocans,

218 2128 330 2203 ipsum,
349 2130 486 2202 piractus
502 2129 580 2199 erat,
600 2126 668 2186 sine
683 2140 812 2200 corpore
827 2128 931 2188 visere
948 2123 1120 2193 Christum.

219 2220 358 2297 Denique
375 2225 444 2296 post
461 2221 550 2282 multi
566 2222 720 2282 sermonis
738 2227 846 2284 mirtua
861 2229 991 2298 postque

219 2320 419 2390 conspectum
434 2317 610 2391 praesentis
628 2317 694 2380 lieri
711 2320 742 2377 ct
758 2319 914 2378 consortia
932 2320 1035 2395 longa,
1229 2338 1263 2387 lo

218 2423 347 2485 quaeso,
366 2411 421 2483 ait,
440 2413 475 2470 ut
490 2409 584 2470 liccat
600 2414 631 2471 te
647 2425 730 2472 nune
746 2408 832 2473 Deus
849 2411 962 2487 optime
978 2429 1084 2476 nosse.

220 2501 394 2580 Respondit
409 2501 579 2565 Dominus:
600 2519 708 2580 ‚‚mea‚
727 2519 864 2580 nonme,
884 2521 1012 2568 cernere
1028 2509 1121 2570 iustis

219 2601 392 2678 posteriora
409 2601 528 2660 daio.“
552 2597 635 2680 Quid
652 2603 792 2676 apertius
808 2602 924 2676 absque
940 2603 1054 2679 aliena,

220 2711 311 2772 quam
329 2699 444 2770 sumat,
464 2697 543 2756 lacie
558 2697 686 2758 veritum
703 2711 765 2757 non
780 2711 874 2771 posse
889 2699 1008 2759 videri?

219 2805 312 2868 posse
329 2777 443 2865 tamen,
462 2805 532 2852 cum
549 2791 743 2867 maltildem,
763 2805 919 2868 nunquam
937 2790 1032 2854 Patre
1047 2794 1116 2853 viso
1232 2806 1265 2854 is

220 2885 354 2946 terrenis
370 2883 471 2944 oculis
487 2883 594 2945 halitu
611 2899 646 2945 se
661 2886 825 2946 ostendere
843 2890 968 2969 nostros

221 2996 314 3057 saepe
330 2986 360 3041 et
375 2981 406 3041 ln
423 2980 583 3056 angelicas
599 2981 648 3041 vel
664 2981 812 3042 mortales
829 2983 1020 3044 moderatum

205 3136 246 3186 22.
267 3143 433 3185 incineratus
447 3133 476 3186 N.
619 3135 660 3185 23.
680 3141 793 3200 godium
815 3151 838 3186 m
854 3136 986 3187 Sicinires
1006 3135 1082 3186 Febr.
1098 3133 1152 3186 Gis.
1169 3134 1264 3186 Weltz.

134 3205 215 3255 Chor.
238 3204 321 3254 Poett,
340 3206 436 3254 Auistc.
457 3203 543 3254 uelis.
566 3202 629 3252 deii.
771 3205 813 3254 25.
836 3205 891 3254 Par
904 3205 988 3272 Cell.;
1015 3219 1097 3268 quom
1110 3203 1130 3252 Α
1145 3203 1165 3252 11
1178 3219 1191 3252 a
1206 3205 1265 3266 (oon

136 3272 245 3334 Leuc),
263 3274 318 3323 Pur
336 3277 451 3337 species,
473 3288 555 3339 quam
575 3273 643 3321 coni.
663 3273 760 3335 Aren„
781 3274 832 3322 Per
850 3277 965 3336 speeiem
981 3288 1063 3336 priam
1082 3270 1170 3322 mallet
1184 3271 1266 3334 0bb.;

132 3346 223 3407 possit
242 3340 261 3390 ii
282 3357 339 3392 cum
360 3341 460 3392 Heioss.
475 3342 587 3390 vetustis
608 3341 725 3390 cornibus
738 3348 765 3391 et
785 3342 879 3392 nostris
893 3357 911 3390 α
923 3357 939 3391 u
952 3357 966 3407 q
980 3358 995 3390 u
1009 3339 1065 3390 nid.
1083 3340 1163 3401 liugd.
1179 3339 1266 3388 Heius.

135 3410 201 3460 cell.
223 3409 306 3473 0bb.,
335 3416 431 3476 posset
449 3408 547 3460 Weiss.
567 3410 618 3459 bm
638 3409 772 3459 Sieli.ires
792 3409 869 3460 Febr.
891 3407 947 3459 liis.
968 3407 1064 3460 Waltz.
1086 3409 1162 3456 Cloe.
1186 3407 1265 3457 Posti.

136 3482 235 3530 Ansir·
251 3481 328 3530 Ares.
448 3479 489 3528 27.
510 3479 616 3545 nli'quos
630 3496 645 3528 u
660 3479 716 3529 illd.
733 3477 834 3543 Lugd.;
855 3478 914 3526 nris
930 3477 949 3528 ii
963 3485 988 3526 ei
1001 3492 1056 3526 cum
1071 3475 1171 3526 Heioss.
1188 3477 1269 3525 nostrl

134 3565 153 3597 α
166 3564 180 3613 q
194 3547 254 3598 aid.
268 3547 350 3610 Lugii.
367 3545 436 3598 Stel.
450 3554 503 3598 ires
515 3546 594 3598 Febr.
608 3547 695 3598 Heius.
706 3547 772 3596 Cell.
787 3563 817 3596 eo
827 3553 900 3599 cerlo
912 3547 1046 3612 rhythmus
1057 3545 1174 3594 sonorius
1184 3545 1270 3595 modu·

136 3617 224 3677 latur,
240 3616 344 3681 alioqui
355 3622 382 3666 in
395 3633 423 3666 so
434 3616 617 3666 ruoderummo
630 3617 706 3667 Clior.
725 3616 807 3666 Poeit.
949 3615 992 3664 28.
1012 3617 1155 3680 sanguinis
1169 3611 1190 3662 it
1202 3614 1270 3676 glos-

137 3701 207 3736 sema
223 3685 284 3736 olei.
408 3685 449 3734 32.
471 3685 593 3736 dicineo
734 3684 777 3735 35.
797 3687 915 3750 effigiem
931 3683 986 3734 Put.
1110 3683 1153 3733 311.
1171 3688 1270 3749 poterae

138 3754 212 3818 Prag.
228 3769 270 3819 sp.
285 3751 350 3804 Mar.
445 3754 488 3804 39.
502 3759 597 3804 monnio
610 3755 671 3803 Bon.
760 3754 803 3802 41.
824 3760 857 3802 ut
869 3754 1035 3818 li'cootsneie
1047 3767 1119 3802 nunc
1132 3757 1158 3799 te
1171 3755 1271 3817 optime

137 3839 216 3874 nosse
228 3839 254 3872 u.
378 3823 420 3872 43.
441 3823 515 3888 quod
527 3822 586 3874 uid.
691 3824 734 3872 li.
749 3826 811 3887 etp.
827 3822 868 3871 vel
881 3821 958 3872 Febr.
974 3820 1050 3880 Gis.;
1067 3820 1236 3870 moderatum
1252 3818 1271 3868 11

136 3889 194 3943 Pul.
206 3889 306 3942 Weiss.
322 3905 337 3940 a
350 3891 408 3956 (pro
421 3893 471 3939 div.
485 3891 574 3957 script.
590 3908 645 3942 cum
660 3892 695 3955 gl.
712 3895 894 3954 temporetam
906 3891 975 3942 iilud
986 3891 1107 3952 verbum)
1119 3889 1177 3939 aid.
1188 3887 1269 3952 Lugd.

137 3959 228 4012 uerno.
244 3959 309 4011 cdii.
326 3958 391 4010 obt.
409 3959 474 4025 [cu.
488 3959 520 4024 V,
536 3961 579 4022 27,
595 3960 654 4026 828.
672 3961 711 4010 l’s.
728 3959 793 4023 tii,
809 3957 961 4028 redexlve],
979 3960 1150 4010 eruderatum
1164 3963 1205 4008 ost
1216 3953 1272 4006 ΝΤ

189 4073 234 4125 211.
265 4071 355 4140 moro]
387 4087 453 4139 quae
485 4075 582 4124 nullam
607 4072 685 4124 aliem
729 4085 789 4122 roni
813 4073 838 4122 id
857 4074 922 4138 quod
940 4077 1087 4140 praecluus
1106 4083 1163 4121 esse
1183 4083 1271 4135 parum

139 4143 224 4192 induli
238 4141 344 4193 lormom
364 4155 393 4192 ae
414 4149 521 4192 naturae
545 4158 608 4193 suae
630 4158 687 4207 pro·
731 4151 800 4192 recle
815 4144 919 4192 asserii.

139 4212 236 4276 priam,
256 4211 305 4262 cir.
329 4211 468 4276 8.11,144
488 4224 562 4262 mera
585 4214 686 4274 viridis,

141 4281 169 4328 P.
183 4280 228 4344 vt,
239 4281 270 4330 91
285 4282 358 4330 calco
370 4296 446 4331 mara
460 4280 478 4331 i.
491 4296 515 4330 e.
526 4280 687 4348 peccando.
784 4281 817 4330 30
831 4292 884 4344 sqq.
906 4278 969 4329 Gon.
986 4281 1024 4340 ia,
1037 4278 1120 4339 2332,
1133 4278 1175 4338 35,
1190 4273 1271 4325 llxiul.

141 4347 305 4416 Quapropter
322 4348 373 4400 Gli.
393 4349 447 4400 lod.
469 4348 548 4400 Lacr.
575 4349 617 4398 vlo.
635 4364 689 4398 nro
734 4349 777 4412 34,
793 4349 834 4411 11,
848 4348 878 4398 C.
894 4346 925 4410 11,
941 4347 982 4398 73.
1164 4371 1168 4379 ·
