3054 4820
264 301 342 342 xxiv
682 289 943 346 rnotnuottnttt.

264 467 315 550 qui
337 487 397 530 non
418 464 545 530 viderit?
581 463 720 527 Attamen
742 474 851 546 quanto
881 462 996 547 priores
1019 461 1149 526 editores
1171 460 1293 526 criticae
1314 479 1381 545 per·

263 561 384 624 fectioni
400 559 580 643 reliquerunt
596 557 788 642 supplendum
805 569 893 640 atque
905 555 1161 634 resarcinandum,
1179 576 1281 620 eorum
1297 565 1381 619 teum

261 657 447 722 diffidendum
463 655 607 720 scientiae
623 668 678 731 est,
696 653 746 717 ubi
761 653 845 716 codd.
860 663 986 715 aetatem
998 662 1087 734 etque
1102 652 1236 714 criticum
1250 651 1381 714 valorem

261 751 468 816 diiudicarent.
508 750 592 830 Quod
615 770 680 812 cum
697 767 800 812 omnes
815 767 989 832 persuasum
1012 746 1069 810 sibi
1086 745 1231 825 habeant,
1254 769 1382 829 quorum

262 847 349 910 huius
365 848 410 909 rei
425 846 565 910 iudicium
581 856 638 922 est,
656 844 699 906 uil
715 864 788 907 sane
803 843 974 928 proficerem
990 842 1104 908 exiliis
1120 843 1216 906 minus
1232 842 1382 907 accuratis

259 940 442 1025 repetundis.
473 940 606 1003 Fortuna
620 938 724 1022 quippe
740 938 837 1002 invisa
854 936 964 1015 uoluit,
989 935 1060 1020 quin
1073 947 1106 1000 ut
1119 937 1193 1020 ipsis
1208 935 1302 1000 oculis
1318 957 1382 999 em·

260 1038 327 1116 nia,
358 1039 402 1101 nti
423 1039 573 1121 quondam
595 1037 626 1099 in
647 1035 746 1098 enimc
771 1035 843 1111 fuit,
875 1032 1028 1098 Prudentii
1057 1034 1167 1118 scripta
1190 1044 1382 1097 monumenta

259 1132 442 1207 reviserem,
474 1131 600 1212 indeque
630 1129 667 1193 ad
694 1128 770 1191 huuc
792 1129 879 1191 finem
905 1129 1105 1192 aestimarem.
1144 1129 1269 1192 Brevem
1289 1127 1383 1211 igitur

259 1226 361 1300 codd,
379 1247 453 1308 quos
468 1225 548 1288 inter
563 1245 667 1288 manus
683 1245 743 1286 nou
760 1224 849 1288 habui
863 1245 963 1303 meas,
981 1223 1115 1288 notitiam
1132 1222 1226 1302 dabo,
1244 1224 1329 1307 pluro
1344 1223 1380 1285 de

258 1324 295 1387 iis
311 1323 455 1398 dicturus,
472 1343 547 1404 ques
563 1321 629 1406 ipse
644 1320 766 1384 centuli.
1280 1319 1294 1366 ¹

344 1417 587 1496 QuosPrudcntii
599 1416 660 1481 vidi
675 1417 760 1480 codd.
773 1426 921 1492 vetustos,
938 1415 1080 1478 iiemnes
1095 1428 1125 1480 et
1135 1415 1229 1480 variis
1244 1413 1381 1478 lectioni-

250 1515 313 1579 'bns
329 1526 358 1578 et
373 1514 481 1599 glossis
506 1523 557 1577 aut
571 1511 811 1576 interlinearibns
832 1521 884 1575 eut
906 1514 942 1574 ed
958 1513 1121 1595 marginem
1136 1510 1281 1598 adpositis
1289 1507 1317 1593 ⁵)
1332 1511 1379 1572 in·

258 1610 363 1674 structi
376 1621 479 1688 erent,
504 1631 569 1672 cum
585 1609 770 1674 recentiores
785 1609 920 1692 utrisque
939 1610 1002 1672 lere
1017 1621 1167 1674 carerent.
1199 1609 1274 1671 Hinc
1289 1607 1381 1671 celle·

257 1707 351 1791 gerim
373 1717 424 1769 eut
446 1705 638 1768 Prudentium
661 1704 758 1789 ipsum
781 1706 854 1770 duas
878 1705 1041 1769 carminum
1063 1704 1256 1768 recensiones
1279 1705 1380 1766 conle-

258 1797 381 1884 cisse⁰),
405 1812 532 1864 autnon
547 1800 641 1864 multo
661 1812 729 1884 post
750 1802 814 1865 eius
836 1801 947 1865 ebitum
971 1801 1087 1863 doctam
1109 1800 1203 1862 critici
1225 1799 1379 1862 cuiusdam

257 1918 375 1960 manum
397 1907 514 1960 textum
537 1895 696 1958 lectionum
711 1896 859 1959 verietate
874 1917 927 1961 suo
951 1895 1007 1958 sibi
1028 1895 1095 1958 usui
1110 1894 1159 1957 vel
1173 1894 1296 1958 aliorum
1313 1895 1381 1958 illu-

257 2006 379 2058 strasse.
405 1994 465 2057 lste
479 1993 612 2076 profecto
629 2002 730 2056 textus
747 1991 957 2076 discrepantia,
976 1989 1097 2074 quaein
1114 1988 1199 2052 Ceth.
1217 1989 1317 2074 hymn.
1333 1991 1378 2067 X,

257 2093 274 2148 9
292 2109 358 2171 sqq.
375 2088 406 2150 iu
422 2087 507 2148 codd.
525 2085 674 2164 occurrit,
696 2086 751 2149 vix
766 2086 884 2150 aliunde
901 2084 958 2148 nisi
981 2083 1166 2146 ePrudcntii
1181 2085 1294 2147 calamo
1310 2105 1380 2168 pro·

256 2183 361 2245 venire
383 2177 524 2263 petuit⁷).
551 2178 615 2242 Huc
635 2180 783 2243 traxerim
806 2181 889 2243 Ham.
915 2197 1036 2240 versum
1054 2183 1092 2238 69
1110 2176 1264 2258 etrequ.,
1282 2176 1380 2258 quiin

255 2274 322 2340 aliis
334 2273 554 2358 exemplaribus
567 2275 684 2350 adsunt,
702 2273 810 2338 desunt
824 2275 854 2338 iu
869 2271 948 2336 eliis.
974 2271 1059 2350 Quod
1072 2269 1217 2333 Obberius
1233 2266 1379 2352 asserit⁸)

255 2365 352 2433 simile
368 2370 492 2432 duarum
503 2366 667 2430 editionum
679 2367 716 2430 ab
731 2367 803 2452 ipsis
819 2367 1013 2452 scriptoribus
1025 2375 1194 2450 paratarum
1208 2367 1380 2449 exemplum

255 2463 332 2546 apud
347 2473 465 2528 veteres
481 2486 540 2528 eeu
561 2464 708 2542 inveniri,
731 2485 797 2526 cum
820 2464 962 2527 librorum
985 2462 1217 2545 evulgandorum
1240 2463 1380 2526 medusa

255 2570 358 2622 nostro
379 2558 468 2642 longe
491 2559 628 2624 diversus
651 2559 760 2635 fuerit,
788 2560 818 2625 id
840 2581 900 2623 uon
921 2560 965 2622 ite
988 2559 1097 2622 sentio.
1135 2559 1253 2622 Etenim
1270 2558 1379 2622 utalia

254 2654 407 2731 omittam,
426 2665 581 2738 pernotum
597 2667 645 2735 est
659 2655 748 2735 illud,
771 2657 849 2738 qued
865 2658 901 2720 de
916 2656 1044 2740 Virgilio
1060 2655 1222 2718 memoriae
1237 2655 1377 2718 traditum

253 2743 343 2828 esti),
362 2767 467 2831 perere
483 2767 517 2810 se
528 2769 634 2812 versus
649 2771 734 2813 more
749 2760 837 2831 atque
852 2751 912 2813 ritu
923 2752 1026 2812 ursino
1038 2749 1138 2812 dicere
1153 2748 1242 2811 solito
1258 2747 1378 2826 „Nem-

253 2863 322 2926 quc‚
339 2854 372 2906 ut
386 2843 438 2906 illa
453 2843 548 2908 bestia
563 2847 654 2908 fetum
671 2847 775 2908 ederet
789 2844 984 2928 ineffigiatum
1000 2845 1228 2926 informemque,
1245 2842 1378 2907 lamben-

253 2939 348 3020 doque
359 2937 389 3001 id
402 2949 515 3021 postea,
534 2939 612 3021 quod
622 2939 667 3002 ite
679 2939 832 3017 edidisset,
847 2940 1049 3003 conformaret
1061 2949 1091 3000 et
1102 2937 1238 3020 fingeret,
1253 2937 1378 3021 proinde

252 3029 365 3114 ingenii
385 3051 500 3118 quoque
521 3031 570 3096 sui
592 3043 693 3118 pertus
713 3042 852 3096 recentes
874 3033 942 3096 rudi
963 3052 1032 3095 esse
1047 3031 1123 3094 facie
1146 3040 1176 3092 et
1190 3031 1374 3114 imperfecta,

321 3202 348 3270 5)
367 3201 438 3267 Quae
456 3205 543 3254 Iconio
561 3202 693 3270 (Magistri
706 3219 758 3256 sec.
775 3203 824 3268 tx)
844 3205 945 3256 nomine
964 3204 1094 3268 feruutur,
1117 3203 1222 3270 reliquis
1236 3202 1290 3254 lere
1302 3219 1377 3268 prae-

252 3277 331 3322 stent.
358 3270 397 3322 W
395 3275 493 3323 eitzins
513 3273 550 3340 (in
564 3274 604 3323 ed.
622 3272 699 3340 1613)
718 3289 732 3322 e
752 3273 826 3323 codd.
840 3273 992 3339 Boagarsii
1003 3280 1029 3323 et
1042 3271 1079 3323 W
1079 3271 1211 3324 idmonnii
1223 3287 1266 3322 eas
1280 3272 1376 3338 primns

252 3339 383 3404 evulgavit
397 3356 477 3406 neque
489 3343 621 3407 integras,
634 3349 663 3392 ut
674 3342 791 3407 videtur,
811 3357 891 3408 neque
905 3350 1048 3396 accuratas.
1080 3339 1143 3391 Num
1157 3341 1250 3392 ibidem
1265 3341 1304 3390 lso
1317 3341 1376 3390 iila-

251 3425 305 3459 rum
324 3409 521 3478 explicationem
538 3419 627 3462 auctor
644 3411 728 3463 dictus
746 3412 798 3476 sit,
817 3411 944 3464 Wcitzius
965 3428 1013 3462 noe
1031 3418 1163 3462 memorat.
1190 3411 1259 3476 Quae
1272 3409 1375 3460 aliunde

251 3477 296 3527 elii
309 3478 370 3545 (eir.
384 3479 461 3532 Areu.
487 3480 596 3530 Glossae
609 3481 700 3544 Vere,
720 3480 785 3530 Obb.
805 3482 919 3548 prelegg.
941 3498 964 3548 p.
984 3478 1084 3542 XXlll,
1104 3487 1158 3532 net.
1173 3479 1200 3546 4)
1220 3481 1375 3543 attulerunt,

250 3562 345 3613 nosque
364 3563 396 3599 cx
411 3549 467 3599 cod.
482 3548 541 3600 Vet.
557 3549 623 3600 3859
642 3551 736 3616 passim
758 3550 949 3614 exhibebimus,
973 3550 1058 3599 eodem
1078 3563 1110 3598 ex
1129 3547 1198 3599 lente
1217 3564 1266 3598 neu
1287 3564 1375 3598 omues

248 3630 367 3668 manasse
379 3617 508 3668 videntur.
528 3617 649 3668 helnone
662 3627 746 3669 autem
759 3619 811 3670 vid.
825 3619 940 3670 Ekkerd.
960 3620 991 3668 dc
1004 3617 1086 3668 casib.
1101 3626 1241 3669 monaster.
1264 3617 1291 3669 S.
1306 3617 1376 3668 Gelli

249 3685 910 3808 171111101001001111110·
930 3686 1372 3806 110111011110111·

249 3792 394 3890 tas.1v,13.
410 3789 839 3889 stingum...innuen.
855 3774 943 3877 dolls.
960 3793 1114 3892 rheupn'.
1184 3793 1190 3806 ’
1263 3795 1270 3808 ’
1364 3791 1372 3806 ’

316 3912 343 3979 6)
364 3912 470 3962 Rectum
483 3911 548 3961 vidit
561 3909 615 3961 Nic.
632 3911 752 3964 Heinsius
764 3913 796 3964 ed
810 3912 883 3963 Ceth.
897 3913 931 3976 X,
947 3915 961 3965 0
975 3922 1001 3966 et
1013 3914 1104 3982 Psyeh.
1118 3917 1166 3968 727
1179 3932 1217 3982 sq.
1245 3915 1300 3966 cn.
1315 3914 1370 3968 Gis.

247 3981 279 4031 ed
292 3979 387 4031 Perist.
402 3977 473 4042 XlV,
488 3980 537 4029 130
551 3995 591 4044 ap.
607 3978 702 4030 Weitz.
717 3999 742 4048 p.
756 3983 806 4032 449
820 3981 925 4049 (Perist.
940 3982 1009 4049 Vlll,
1025 3985 1094 4048 130).

316 4069 344 4134 7)
362 4066 431 4118 ldem
450 4066 544 4118 nostris
566 4069 648 4134 poetis
666 4084 713 4119 usu
727 4071 827 4122 venisse
839 4071 962 4123 videmus.
989 4072 1042 4124 Cir.
1063 4072 1106 4124 Fr.
1121 4073 1242 4124 Schilleri
1255 4088 1369 4137 cumen,

247 4138 312 4204 quod
327 4137 369 4187 die
381 4135 469 4186 loson
481 4136 643 4202 inscribitur,
657 4135 762 4204 eiusque
774 4140 918 4192 Metriocde
932 4140 1169 4208 Uebersetaengan.

316 4215 343 4279 8)
361 4214 477 4280 Prolegg.
491 4232 515 4283 p.
530 4215 640 4268 XXVll.

314 4293 343 4358 9)
360 4291 417 4344 cnr.
433 4291 498 4345 Geli.
514 4293 545 4346 ll.
560 4296 591 4346 Α.
606 4293 688 4362 xvu,
704 4298 745 4361 10,
759 4296 784 4348 ².
