<?xml version="1.0" encoding="UTF-8"?>
<!DOCTYPE html PUBLIC "-//W3C//DTD XHTML 1.0 Transitional//EN"
    "http://www.w3.org/TR/xhtml1/DTD/xhtml1-transitional.dtd">
<html xmlns="http://www.w3.org/1999/xhtml" xml:lang="en" lang="en">
 <head>
  <title>
</title>
<meta http-equiv="Content-Type" content="text/html;charset=utf-8" />
  <meta name='ocr-system' content='tesseract 3.04.00' />
  <meta name='ocr-capabilities' content='ocr_page ocr_carea ocr_par ocr_line ocrx_word'/>
</head>
<body>
  <div class='ocr_page' id='page_1' title='image "./quaeexstantcarm01dresgoog_0028.png"; bbox 0 0 3054 4820; ppageno 0'>
   <div class='ocr_carea' id='block_1_1' title="bbox 430 280 1277 338">
    <p class='ocr_par' dir='ltr' id='par_1_1' title="bbox 430 280 1277 338">
     <span class='ocr_line' id='line_1_1' title="bbox 430 280 1277 338; baseline -0.006 -2"><span class='ocrx_word' id='word_1_1' title='bbox 430 284 502 338; x_wconf 79' lang='lat' dir='ltr'><strong>ctu.</strong></span> <span class='ocrx_word' id='word_1_2' title='bbox 517 282 547 337; x_wconf 91' lang='grc'><strong>11.</strong></span> <span class='ocrx_word' id='word_1_3' title='bbox 580 283 622 338; x_wconf 79' lang='lat' dir='ltr'><strong>llll</strong></span> <span class='ocrx_word' id='word_1_4' title='bbox 637 280 819 338; x_wconf 78' lang='lat' dir='ltr'><strong>uuuuudrtt</strong></span> <span class='ocrx_word' id='word_1_5' title='bbox 834 282 1006 338; x_wconf 78' lang='lat' dir='ltr'><strong>OPERIBUS.</strong></span> <span class='ocrx_word' id='word_1_6' title='bbox 1235 291 1277 332; x_wconf 81' lang='lat' dir='ltr'><strong>xv</strong></span> 
     </span>
    </p>
   </div>
   <div class='ocr_carea' id='block_1_2' title="bbox 140 453 1277 725">
    <p class='ocr_par' dir='ltr' id='par_1_2' title="bbox 140 453 1277 725">
     <span class='ocr_line' id='line_1_2' title="bbox 140 453 1276 540; baseline 0.003 -23"><span class='ocrx_word' id='word_1_7' title='bbox 140 475 207 518; x_wconf 91' lang='lat' dir='ltr'><strong>sum</strong></span> <span class='ocrx_word' id='word_1_8' title='bbox 227 454 465 518; x_wconf 84' lang='lat' dir='ltr'><strong>luissevidetur.</strong></span> <span class='ocrx_word' id='word_1_9' title='bbox 499 453 591 518; x_wconf 86' lang='lat' dir='ltr'><strong>Stilus</strong></span> <span class='ocrx_word' id='word_1_10' title='bbox 616 453 733 536; x_wconf 87' lang='lat' dir='ltr'><strong>quidem</strong></span> <span class='ocrx_word' id='word_1_11' title='bbox 757 455 804 516; x_wconf 90' lang='lat' dir='ltr'><strong>hic</strong></span> <span class='ocrx_word' id='word_1_12' title='bbox 820 454 881 518; x_wconf 91' lang='lat' dir='ltr'><strong>illic</strong></span> <span class='ocrx_word' id='word_1_13' title='bbox 906 453 1037 540; x_wconf 87' lang='lat' dir='ltr'><strong>hispidus</strong></span> <span class='ocrx_word' id='word_1_14' title='bbox 1055 469 1144 540; x_wconf 87' lang='lat' dir='ltr'><strong>atque</strong></span> <span class='ocrx_word' id='word_1_15' title='bbox 1162 458 1276 522; x_wconf 88' lang='lat' dir='ltr'><strong>hiulcus</strong></span> 
     </span>
     <span class='ocr_line' id='line_1_3' title="bbox 142 545 1277 633; baseline 0.003 -23"><span class='ocrx_word' id='word_1_16' title='bbox 142 549 207 611; x_wconf 84' lang='lat' dir='ltr'><strong>fere</strong></span> <span class='ocrx_word' id='word_1_17' title='bbox 222 546 417 609; x_wconf 87' lang='lat' dir='ltr'><strong>Prudentium</strong></span> <span class='ocrx_word' id='word_1_18' title='bbox 434 546 529 628; x_wconf 91' lang='lat' dir='ltr'><strong>sapit,</strong></span> <span class='ocrx_word' id='word_1_19' title='bbox 548 556 577 608; x_wconf 89' lang='lat' dir='ltr'><strong>et</strong></span> <span class='ocrx_word' id='word_1_20' title='bbox 593 545 764 610; x_wconf 82' lang='lat' dir='ltr'>Gennadius</span> <span class='ocrx_word' id='word_1_21' title='bbox 780 547 807 609; x_wconf 94' lang='lat' dir='ltr'><strong>id</strong></span> <span class='ocrx_word' id='word_1_22' title='bbox 824 569 939 631; x_wconf 90' lang='lat' dir='ltr'><strong>qnoque</strong></span> <span class='ocrx_word' id='word_1_23' title='bbox 955 551 1092 633; x_wconf 88' lang='lat' dir='ltr'><strong>catalogo</strong></span> <span class='ocrx_word' id='word_1_24' title='bbox 1108 571 1163 614; x_wconf 92' lang='lat' dir='ltr'><strong>suo</strong></span> <span class='ocrx_word' id='word_1_25' title='bbox 1178 552 1277 614; x_wconf 89' lang='lat' dir='ltr'><strong>inser-</strong></span> 
     </span>
     <span class='ocr_line' id='line_1_4' title="bbox 143 633 1275 725; baseline 0.002 -21"><span class='ocrx_word' id='word_1_26' title='bbox 143 655 205 704; x_wconf 91' lang='lat' dir='ltr'><strong>tum</strong></span> <span class='ocrx_word' id='word_1_27' title='bbox 222 633 407 722; x_wconf 75' lang='lat' dir='ltr'><strong>reliquit³³l.</strong></span> <span class='ocrx_word' id='word_1_28' title='bbox 441 639 581 701; x_wconf 90' lang='lat' dir='ltr'><strong>Ceterum</strong></span> <span class='ocrx_word' id='word_1_29' title='bbox 598 637 726 701; x_wconf 84' lang='lat' dir='ltr'><strong>Ohhario</strong></span> <span class='ocrx_word' id='word_1_30' title='bbox 743 640 799 702; x_wconf 92' lang='lat' dir='ltr'><strong>hoc</strong></span> <span class='ocrx_word' id='word_1_31' title='bbox 815 659 920 723; x_wconf 89' lang='lat' dir='ltr'><strong>poema</strong></span> <span class='ocrx_word' id='word_1_32' title='bbox 935 642 1131 725; x_wconf 90' lang='lat' dir='ltr'><strong>compositum</strong></span> <span class='ocrx_word' id='word_1_33' title='bbox 1145 643 1275 720; x_wconf 90' lang='lat' dir='ltr'><strong>videtur,</strong></span> 
     </span>
    </p>
   </div>
   <div class='ocr_carea' id='block_1_3' title="bbox 135 733 1288 3560">
    <p class='ocr_par' dir='ltr' id='par_1_3' title="bbox 142 733 1280 1574">
     <span class='ocr_line' id='line_1_5' title="bbox 144 733 1277 819; baseline 0 -19"><span class='ocrx_word' id='word_1_34' title='bbox 144 749 206 814; x_wconf 94' lang='lat' dir='ltr'><strong>„ut</strong></span> <span class='ocrx_word' id='word_1_35' title='bbox 222 735 386 799; x_wconf 75' lang='lat' dir='ltr'><strong>Christiani</strong></span> <span class='ocrx_word' id='word_1_36' title='bbox 409 735 551 797; x_wconf 77' lang='lat' dir='ltr'><strong>historias</strong></span> <span class='ocrx_word' id='word_1_37' title='bbox 577 744 608 798; x_wconf 88' lang='lat' dir='ltr'><strong>et</strong></span> <span class='ocrx_word' id='word_1_38' title='bbox 624 733 657 796; x_wconf 92' lang='lat' dir='ltr'><strong>V.</strong></span> <span class='ocrx_word' id='word_1_39' title='bbox 675 745 705 796; x_wconf 90' lang='lat' dir='ltr'><strong>et</strong></span> <span class='ocrx_word' id='word_1_40' title='bbox 719 733 757 797; x_wconf 92' lang='lat' dir='ltr'><strong>N.</strong></span> <span class='ocrx_word' id='word_1_41' title='bbox 776 735 811 798; x_wconf 88' lang='grc' dir='ltr'><strong>Τ.</strong></span> <span class='ocrx_word' id='word_1_42' title='bbox 839 737 977 799; x_wconf 85' lang='lat' dir='ltr'><strong>versibus</strong></span> <span class='ocrx_word' id='word_1_43' title='bbox 999 734 1163 819; x_wconf 87' lang='lat' dir='ltr'><strong>descriptas</strong></span> <span class='ocrx_word' id='word_1_44' title='bbox 1187 738 1277 801; x_wconf 86' lang='lat' dir='ltr'><strong>hahe-</strong></span> 
     </span>
     <span class='ocr_line' id='line_1_6' title="bbox 142 828 1277 916; baseline 0 -21"><span class='ocrx_word' id='word_1_45' title='bbox 142 828 304 912; x_wconf 61' lang='lat' dir='ltr'><strong>rent4⁰)s‘</strong></span> <span class='ocrx_word' id='word_1_46' title='bbox 344 832 485 894; x_wconf 76' lang='lat' dir='ltr'><strong>Attamen</strong></span> <span class='ocrx_word' id='word_1_47' title='bbox 502 841 589 914; x_wconf 90' lang='lat' dir='ltr'><strong>poeta</strong></span> <span class='ocrx_word' id='word_1_48' title='bbox 612 831 636 892; x_wconf 93' lang='lat' dir='ltr'><strong>si</strong></span> <span class='ocrx_word' id='word_1_49' title='bbox 660 831 689 892; x_wconf 91' lang='lat' dir='ltr'><strong>id</strong></span> <span class='ocrx_word' id='word_1_50' title='bbox 712 829 769 892; x_wconf 90' lang='lat' dir='ltr'><strong>sihi</strong></span> <span class='ocrx_word' id='word_1_51' title='bbox 784 830 915 893; x_wconf 90' lang='lat' dir='ltr'><strong>voluerit</strong></span> <span class='ocrx_word' id='word_1_52' title='bbox 936 831 1039 894; x_wconf 89' lang='lat' dir='ltr'><strong>ieiune</strong></span> <span class='ocrx_word' id='word_1_53' title='bbox 1063 844 1152 914; x_wconf 88' lang='lat' dir='ltr'><strong>atque</strong></span> <span class='ocrx_word' id='word_1_54' title='bbox 1168 833 1277 916; x_wconf 88' lang='lat' dir='ltr'><strong>imper-</strong></span> 
     </span>
     <span class='ocr_line' id='line_1_7' title="bbox 145 925 1277 1010; baseline 0.001 -21"><span class='ocrx_word' id='word_1_55' title='bbox 145 933 221 991; x_wconf 85' lang='lat' dir='ltr'><strong>fecte</strong></span> <span class='ocrx_word' id='word_1_56' title='bbox 237 929 397 991; x_wconf 89' lang='lat' dir='ltr'><strong>successit.</strong></span> <span class='ocrx_word' id='word_1_57' title='bbox 435 927 493 990; x_wconf 92' lang='lat' dir='ltr'><strong>Pro</strong></span> <span class='ocrx_word' id='word_1_58' title='bbox 515 937 598 990; x_wconf 89' lang='lat' dir='ltr'><strong>certo</strong></span> <span class='ocrx_word' id='word_1_59' title='bbox 621 926 719 1010; x_wconf 94' lang='lat' dir='ltr'><strong>potius</strong></span> <span class='ocrx_word' id='word_1_60' title='bbox 742 925 854 1002; x_wconf 87' lang='lat' dir='ltr'><strong>haheo,</strong></span> <span class='ocrx_word' id='word_1_61' title='bbox 882 927 1010 990; x_wconf 89' lang='lat' dir='ltr'><strong>istorum</strong></span> <span class='ocrx_word' id='word_1_62' title='bbox 1033 930 1277 992; x_wconf 83' lang='lat' dir='ltr'><strong>tetrastichorum</strong></span> 
     </span>
     <span class='ocr_line' id='line_1_8' title="bbox 145 1019 1280 1104; baseline -0.001 -20"><span class='ocrx_word' id='word_1_63' title='bbox 145 1021 269 1104; x_wconf 87' lang='lat' dir='ltr'><strong>quodvis</strong></span> <span class='ocrx_word' id='word_1_64' title='bbox 287 1025 420 1104; x_wconf 81' lang='lat' dir='ltr'><strong>picturae</strong></span> <span class='ocrx_word' id='word_1_65' title='bbox 435 1021 466 1084; x_wconf 89' lang='lat' dir='ltr'><strong>iu</strong></span> <span class='ocrx_word' id='word_1_66' title='bbox 480 1021 558 1084; x_wconf 91' lang='lat' dir='ltr'><strong>sacri</strong></span> <span class='ocrx_word' id='word_1_67' title='bbox 575 1021 631 1082; x_wconf 93' lang='lat' dir='ltr'><strong>loci</strong></span> <span class='ocrx_word' id='word_1_68' title='bbox 648 1019 812 1103; x_wconf 88' lang='lat' dir='ltr'><strong>parietibus</strong></span> <span class='ocrx_word' id='word_1_69' title='bbox 833 1021 1030 1104; x_wconf 89' lang='lat' dir='ltr'><strong>subscriptum</strong></span> <span class='ocrx_word' id='word_1_70' title='bbox 1049 1023 1173 1086; x_wconf 82' lang='lat' dir='ltr'><strong>stetisse</strong></span> <span class='ocrx_word' id='word_1_71' title='bbox 1189 1033 1280 1104; x_wconf 91' lang='lat' dir='ltr'><strong>atque</strong></span> 
     </span>
     <span class='ocr_line' id='line_1_9' title="bbox 145 1115 1278 1201; baseline -0.001 -21"><span class='ocrx_word' id='word_1_72' title='bbox 145 1116 339 1201; x_wconf 87' lang='lat' dir='ltr'><strong>explicationi</strong></span> <span class='ocrx_word' id='word_1_73' title='bbox 363 1116 419 1199; x_wconf 93' lang='lat' dir='ltr'><strong>ipsi</strong></span> <span class='ocrx_word' id='word_1_74' title='bbox 434 1116 614 1180; x_wconf 89' lang='lat' dir='ltr'><strong>inservisse.</strong></span> <span class='ocrx_word' id='word_1_75' title='bbox 646 1118 769 1179; x_wconf 89' lang='lat' dir='ltr'><strong>Rectum</strong></span> <span class='ocrx_word' id='word_1_76' title='bbox 792 1115 849 1177; x_wconf 90' lang='lat' dir='ltr'><strong>iam</strong></span> <span class='ocrx_word' id='word_1_77' title='bbox 866 1117 960 1178; x_wconf 91' lang='lat' dir='ltr'><strong>Arev.</strong></span> <span class='ocrx_word' id='word_1_78' title='bbox 983 1117 1147 1180; x_wconf 81' lang='lat' dir='ltr'><strong>serevitlit.</strong></span> <span class='ocrx_word' id='word_1_79' title='bbox 1182 1117 1278 1180; x_wconf 84' lang='lat' dir='ltr'><strong>Obba-</strong></span> 
     </span>
     <span class='ocr_line' id='line_1_10' title="bbox 143 1208 1276 1290; baseline -0.004 -14"><span class='ocrx_word' id='word_1_80' title='bbox 143 1208 258 1290; x_wconf 80' lang='lat' dir='ltr'><strong>rius⁴¹)</strong></span> <span class='ocrx_word' id='word_1_81' title='bbox 281 1231 354 1273; x_wconf 91' lang='lat' dir='ltr'><strong>vero</strong></span> <span class='ocrx_word' id='word_1_82' title='bbox 371 1209 486 1287; x_wconf 90' lang='lat' dir='ltr'><strong>etalii,</strong></span> <span class='ocrx_word' id='word_1_83' title='bbox 511 1231 622 1273; x_wconf 90' lang='lat' dir='ltr'><strong>morem</strong></span> <span class='ocrx_word' id='word_1_84' title='bbox 639 1211 721 1274; x_wconf 89' lang='lat' dir='ltr'><strong>illum</strong></span> <span class='ocrx_word' id='word_1_85' title='bbox 746 1231 808 1272; x_wconf 88' lang='lat' dir='ltr'><strong>sec.</strong></span> <span class='ocrx_word' id='word_1_86' title='bbox 827 1209 866 1270; x_wconf 91' lang='lat' dir='ltr'><strong>lV</strong></span> <span class='ocrx_word' id='word_1_87' title='bbox 881 1221 912 1272; x_wconf 90' lang='lat' dir='ltr'><strong>et</strong></span> <span class='ocrx_word' id='word_1_88' title='bbox 928 1211 952 1271; x_wconf 97' lang='lat' dir='ltr'>V</span> <span class='ocrx_word' id='word_1_89' title='bbox 968 1211 1154 1274; x_wconf 89' lang='lat' dir='ltr'><strong>rarissimum</strong></span> <span class='ocrx_word' id='word_1_90' title='bbox 1172 1213 1276 1285; x_wconf 90' lang='lat' dir='ltr'><strong>luisse,</strong></span> 
     </span>
     <span class='ocr_line' id='line_1_11' title="bbox 145 1302 1279 1390; baseline -0.004 -20"><span class='ocrx_word' id='word_1_91' title='bbox 145 1317 228 1370; x_wconf 88' lang='lat' dir='ltr'><strong>certe</strong></span> <span class='ocrx_word' id='word_1_92' title='bbox 252 1325 312 1366; x_wconf 91' lang='lat' dir='ltr'><strong>uon</strong></span> <span class='ocrx_word' id='word_1_93' title='bbox 335 1305 558 1381; x_wconf 84' lang='lat' dir='ltr'><strong>asseruissent,</strong></span> <span class='ocrx_word' id='word_1_94' title='bbox 585 1305 610 1367; x_wconf 91' lang='lat' dir='ltr'><strong>si</strong></span> <span class='ocrx_word' id='word_1_95' title='bbox 635 1306 708 1388; x_wconf 91' lang='lat' dir='ltr'><strong>ipsis</strong></span> <span class='ocrx_word' id='word_1_96' title='bbox 732 1305 973 1368; x_wconf 84' lang='lat' dir='ltr'><strong>catacumbarum</strong></span> <span class='ocrx_word' id='word_1_97' title='bbox 997 1302 1173 1390; x_wconf 79' lang='lat' dir='ltr'><strong>crypta⁴²),</strong></span> <span class='ocrx_word' id='word_1_98' title='bbox 1202 1325 1279 1388; x_wconf 90' lang='lat' dir='ltr'><strong>quae</strong></span> 
     </span>
     <span class='ocr_line' id='line_1_12' title="bbox 145 1397 1278 1483; baseline -0.002 -19"><span class='ocrx_word' id='word_1_99' title='bbox 145 1397 258 1464; x_wconf 78' lang='lat' dir='ltr'><strong>Momae</strong></span> <span class='ocrx_word' id='word_1_100' title='bbox 274 1409 305 1460; x_wconf 93' lang='lat' dir='ltr'><strong>et</strong></span> <span class='ocrx_word' id='word_1_101' title='bbox 320 1397 443 1481; x_wconf 87' lang='lat' dir='ltr'><strong>Neapoli</strong></span> <span class='ocrx_word' id='word_1_102' title='bbox 460 1398 619 1477; x_wconf 89' lang='lat' dir='ltr'><strong>visuntur,</strong></span> <span class='ocrx_word' id='word_1_103' title='bbox 645 1400 704 1463; x_wconf 91' lang='lat' dir='ltr'><strong>illis</strong></span> <span class='ocrx_word' id='word_1_104' title='bbox 720 1401 829 1462; x_wconf 92' lang='lat' dir='ltr'><strong>seculis</strong></span> <span class='ocrx_word' id='word_1_105' title='bbox 852 1401 1003 1464; x_wconf 88' lang='lat' dir='ltr'><strong>anteriora</strong></span> <span class='ocrx_word' id='word_1_106' title='bbox 1020 1402 1084 1464; x_wconf 92' lang='lat' dir='ltr'><strong>suis</strong></span> <span class='ocrx_word' id='word_1_107' title='bbox 1101 1402 1195 1465; x_wconf 90' lang='lat' dir='ltr'><strong>oculis</strong></span> <span class='ocrx_word' id='word_1_108' title='bbox 1211 1421 1278 1483; x_wconf 90' lang='lat' dir='ltr'><strong>per-</strong></span> 
     </span>
     <span class='ocr_line' id='line_1_13' title="bbox 144 1491 481 1574; baseline -0.006 -18"><span class='ocrx_word' id='word_1_109' title='bbox 144 1495 275 1556; x_wconf 90' lang='lat' dir='ltr'><strong>lustrare</strong></span> <span class='ocrx_word' id='word_1_110' title='bbox 291 1491 481 1574; x_wconf 84' lang='lat' dir='ltr'><strong>contigisset.</strong></span> 
     </span>
    </p>

    <p class='ocr_par' dir='ltr' id='par_1_4' title="bbox 135 1580 1284 2704">
     <span class='ocr_line' id='line_1_14' title="bbox 232 1580 1276 1671; baseline 0.002 -24"><span class='ocrx_word' id='word_1_111' title='bbox 232 1585 315 1664; x_wconf 82' lang='lat' dir='ltr'><strong>Quod</strong></span> <span class='ocrx_word' id='word_1_112' title='bbox 332 1580 363 1646; x_wconf 91' lang='lat' dir='ltr'><strong>iu</strong></span> <span class='ocrx_word' id='word_1_113' title='bbox 376 1585 523 1649; x_wconf 90' lang='lat' dir='ltr'><strong>Gennadii</strong></span> <span class='ocrx_word' id='word_1_114' title='bbox 541 1585 668 1668; x_wconf 87' lang='lat' dir='ltr'><strong>catalogi</strong></span> <span class='ocrx_word' id='word_1_115' title='bbox 686 1587 749 1650; x_wconf 89' lang='lat' dir='ltr'><strong>lere</strong></span> <span class='ocrx_word' id='word_1_116' title='bbox 764 1586 867 1650; x_wconf 91' lang='lat' dir='ltr'><strong>limine</strong></span> <span class='ocrx_word' id='word_1_117' title='bbox 884 1598 1009 1650; x_wconf 90' lang='lat' dir='ltr'><strong>notatur</strong></span> <span class='ocrx_word' id='word_1_118' title='bbox 1017 1588 1169 1652; x_wconf 90' lang='lat' dir='ltr'><strong>Prudentii</strong></span> <span class='ocrx_word' id='word_1_119' title='bbox 1183 1607 1276 1671; x_wconf 85' lang='lat' dir='ltr'><strong>opus:</strong></span> 
     </span>
     <span class='ocr_line' id='line_1_15' title="bbox 151 1679 1281 1744; baseline 0 -2"><span class='ocrx_word' id='word_1_120' title='bbox 151 1679 384 1742; x_wconf 81' lang='lat' dir='ltr'><strong>Commentalas</strong></span> <span class='ocrx_word' id='word_1_121' title='bbox 400 1691 447 1740; x_wconf 89' lang='lat' dir='ltr'><strong>est</strong></span> <span class='ocrx_word' id='word_1_122' title='bbox 470 1685 501 1741; x_wconf 82' lang='lat' dir='ltr'><strong>in</strong></span> <span class='ocrx_word' id='word_1_123' title='bbox 522 1701 637 1742; x_wconf 74' lang='lat' dir='ltr'><strong>errorem</strong></span> <span class='ocrx_word' id='word_1_124' title='bbox 657 1679 851 1744; x_wconf 83' lang='lat' dir='ltr'><strong>Graecorum</strong></span> <span class='ocrx_word' id='word_1_125' title='bbox 866 1679 1088 1744; x_wconf 79' lang='lat' dir='ltr'><strong>Hemuemcron</strong></span> <span class='ocrx_word' id='word_1_126' title='bbox 1112 1681 1149 1743; x_wconf 84' lang='lat' dir='ltr'><strong>de</strong></span> <span class='ocrx_word' id='word_1_127' title='bbox 1171 1681 1281 1743; x_wconf 83' lang='lat' dir='ltr'><strong>rrtundt‘</strong></span> 
     </span>
     <span class='ocr_line' id='line_1_16' title="bbox 135 1775 1279 1860; baseline -0.002 -22"><span class='ocrx_word' id='word_1_128' title='bbox 135 1775 275 1859; x_wconf 83' lang='lat' dir='ltr'><strong>subricu</strong></span> <span class='ocrx_word' id='word_1_129' title='bbox 291 1795 388 1859; x_wconf 80' lang='lat' dir='ltr'><strong>usque</strong></span> <span class='ocrx_word' id='word_1_130' title='bbox 400 1775 442 1838; x_wconf 86' lang='lat' dir='ltr'><strong>ud</strong></span> <span class='ocrx_word' id='word_1_131' title='bbox 453 1775 661 1838; x_wconf 79' lang='lat' dir='ltr'><strong>conditionem</strong></span> <span class='ocrx_word' id='word_1_132' title='bbox 674 1779 772 1860; x_wconf 81' lang='lat' dir='ltr'><strong>primi</strong></span> <span class='ocrx_word' id='word_1_133' title='bbox 783 1776 916 1839; x_wconf 78' lang='lat' dir='ltr'><strong>herminis</strong></span> <span class='ocrx_word' id='word_1_134' title='bbox 930 1787 961 1839; x_wconf 86' lang='lat' dir='ltr'><strong>ct</strong></span> <span class='ocrx_word' id='word_1_135' title='bbox 972 1779 1279 1860; x_wconf 79' lang='lat' dir='ltr'><strong>praeuaricationem</strong></span> 
     </span>
     <span class='ocr_line' id='line_1_17' title="bbox 149 1869 1279 1954; baseline -0.001 -22"><span class='ocrx_word' id='word_1_136' title='bbox 149 1873 237 1946; x_wconf 82' lang='lat' dir='ltr'><strong>eius,</strong></span> <span class='ocrx_word' id='word_1_137' title='bbox 256 1869 286 1932; x_wconf 94' lang='lat' dir='ltr'><strong>id</strong></span> <span class='ocrx_word' id='word_1_138' title='bbox 301 1890 362 1931; x_wconf 92' lang='lat' dir='ltr'><strong>uon</strong></span> <span class='ocrx_word' id='word_1_139' title='bbox 378 1880 528 1952; x_wconf 89' lang='lat' dir='ltr'><strong>superest.</strong></span> <span class='ocrx_word' id='word_1_140' title='bbox 563 1869 674 1948; x_wconf 81' lang='lat' dir='ltr'><strong>Quodsi</strong></span> <span class='ocrx_word' id='word_1_141' title='bbox 691 1871 721 1932; x_wconf 91' lang='lat' dir='ltr'><strong>iu</strong></span> <span class='ocrx_word' id='word_1_142' title='bbox 739 1873 832 1954; x_wconf 85' lang='lat' dir='ltr'><strong>prael.</strong></span> <span class='ocrx_word' id='word_1_143' title='bbox 851 1895 919 1954; x_wconf 91' lang='lat' dir='ltr'><strong>opp.</strong></span> <span class='ocrx_word' id='word_1_144' title='bbox 938 1893 998 1935; x_wconf 90' lang='lat' dir='ltr'><strong>non</strong></span> <span class='ocrx_word' id='word_1_145' title='bbox 1021 1871 1145 1934; x_wconf 92' lang='lat' dir='ltr'><strong>allatum</strong></span> <span class='ocrx_word' id='word_1_146' title='bbox 1169 1869 1227 1942; x_wconf 87' lang='lat' dir='ltr'><strong>sit,</strong></span> <span class='ocrx_word' id='word_1_147' title='bbox 1251 1870 1279 1932; x_wconf 92' lang='lat' dir='ltr'><strong>id</strong></span> 
     </span>
     <span class='ocr_line' id='line_1_18' title="bbox 149 1961 1281 2043; baseline 0 -19"><span class='ocrx_word' id='word_1_148' title='bbox 149 1983 251 2043; x_wconf 90' lang='lat' dir='ltr'><strong>parum</strong></span> <span class='ocrx_word' id='word_1_149' title='bbox 268 1962 386 2043; x_wconf 88' lang='lat' dir='ltr'><strong>probat,</strong></span> <span class='ocrx_word' id='word_1_150' title='bbox 400 1961 596 2026; x_wconf 89' lang='lat' dir='ltr'><strong>Prudentium</strong></span> <span class='ocrx_word' id='word_1_151' title='bbox 614 1965 678 2027; x_wconf 87' lang='lat' dir='ltr'><strong>eius</strong></span> <span class='ocrx_word' id='word_1_152' title='bbox 692 1987 751 2028; x_wconf 90' lang='lat' dir='ltr'><strong>uon</strong></span> <span class='ocrx_word' id='word_1_153' title='bbox 768 1987 836 2029; x_wconf 87' lang='lat' dir='ltr'><strong>esse</strong></span> <span class='ocrx_word' id='word_1_154' title='bbox 849 1977 1012 2030; x_wconf 88' lang='lat' dir='ltr'><strong>auctorem.</strong></span> <span class='ocrx_word' id='word_1_155' title='bbox 1031 1965 1165 2027; x_wconf 81' lang='lat' dir='ltr'><strong>Alicuius</strong></span> <span class='ocrx_word' id='word_1_156' title='bbox 1181 1973 1281 2026; x_wconf 90' lang='lat' dir='ltr'><strong>autem</strong></span> 
     </span>
     <span class='ocr_line' id='line_1_19' title="bbox 148 2051 1282 2143; baseline -0.001 -26"><span class='ocrx_word' id='word_1_157' title='bbox 148 2056 291 2118; x_wconf 88' lang='lat' dir='ltr'><strong>momenti</strong></span> <span class='ocrx_word' id='word_1_158' title='bbox 308 2068 374 2134; x_wconf 90' lang='lat' dir='ltr'><strong>est,</strong></span> <span class='ocrx_word' id='word_1_159' title='bbox 397 2066 431 2120; x_wconf 94' lang='lat' dir='ltr'><strong>ut</strong></span> <span class='ocrx_word' id='word_1_160' title='bbox 445 2058 486 2120; x_wconf 90' lang='lat' dir='ltr'><strong>ita</strong></span> <span class='ocrx_word' id='word_1_161' title='bbox 502 2058 566 2134; x_wconf 80' lang='lat' dir='ltr'><strong>iere</strong></span> <span class='ocrx_word' id='word_1_162' title='bbox 582 2078 777 2136; x_wconf 85' lang='lat' dir='ltr'><strong>censeamus,</strong></span> <span class='ocrx_word' id='word_1_163' title='bbox 803 2060 880 2142; x_wconf 90' lang='lat' dir='ltr'><strong>quod</strong></span> <span class='ocrx_word' id='word_1_164' title='bbox 897 2061 974 2143; x_wconf 89' lang='lat' dir='ltr'><strong>apud</strong></span> <span class='ocrx_word' id='word_1_165' title='bbox 991 2051 1228 2136; x_wconf 73' lang='lat' dir='ltr'><strong>Gennadium⁴³)</strong></span> <span class='ocrx_word' id='word_1_166' title='bbox 1245 2055 1282 2116; x_wconf 93' lang='lat' dir='ltr'><strong>de</strong></span> 
     </span>
     <span class='ocr_line' id='line_1_20' title="bbox 149 2153 1281 2238; baseline -0.003 -24"><span class='ocrx_word' id='word_1_167' title='bbox 149 2153 290 2216; x_wconf 87' lang='lat' dir='ltr'><strong>Salviano</strong></span> <span class='ocrx_word' id='word_1_168' title='bbox 306 2153 488 2218; x_wconf 87' lang='lat' dir='ltr'><strong>Massiliensi</strong></span> <span class='ocrx_word' id='word_1_169' title='bbox 511 2155 676 2238; x_wconf 90' lang='lat' dir='ltr'><strong>persimilia</strong></span> <span class='ocrx_word' id='word_1_170' title='bbox 697 2167 824 2219; x_wconf 81' lang='lat' dir='ltr'><strong>extant:</strong></span> <span class='ocrx_word' id='word_1_171' title='bbox 849 2167 882 2218; x_wconf 86' lang='lat' dir='ltr'><strong>ct</strong></span> <span class='ocrx_word' id='word_1_172' title='bbox 901 2159 933 2218; x_wconf 82' lang='lat' dir='ltr'><strong>in</strong></span> <span class='ocrx_word' id='word_1_173' title='bbox 956 2175 1071 2218; x_wconf 84' lang='lat' dir='ltr'><strong>morem</strong></span> <span class='ocrx_word' id='word_1_174' title='bbox 1089 2155 1281 2218; x_wconf 81' lang='lat' dir='ltr'><strong>Graecorum</strong></span> 
     </span>
     <span class='ocr_line' id='line_1_21' title="bbox 150 2247 1284 2333; baseline -0.004 -24"><span class='ocrx_word' id='word_1_175' title='bbox 150 2247 187 2309; x_wconf 89' lang='lat' dir='ltr'><strong>dc</strong></span> <span class='ocrx_word' id='word_1_176' title='bbox 203 2249 363 2332; x_wconf 71' lang='lat' dir='ltr'><strong>principio</strong></span> <span class='ocrx_word' id='word_1_177' title='bbox 389 2247 519 2310; x_wconf 82' lang='lat' dir='ltr'><strong>Genesis</strong></span> <span class='ocrx_word' id='word_1_178' title='bbox 542 2269 637 2333; x_wconf 82' lang='lat' dir='ltr'><strong>usquc</strong></span> <span class='ocrx_word' id='word_1_179' title='bbox 659 2249 703 2311; x_wconf 86' lang='lat' dir='ltr'><strong>cd</strong></span> <span class='ocrx_word' id='word_1_180' title='bbox 724 2251 928 2312; x_wconf 78' lang='lat' dir='ltr'><strong>conditionem</strong></span> <span class='ocrx_word' id='word_1_181' title='bbox 956 2249 1089 2311; x_wconf 80' lang='lat' dir='ltr'><strong>herminis</strong></span> <span class='ocrx_word' id='word_1_182' title='bbox 1113 2247 1284 2328; x_wconf 75' lang='lat' dir='ltr'><strong>composuit</strong></span> 
     </span>
     <span class='ocr_line' id='line_1_22' title="bbox 148 2337 1283 2424; baseline -0.004 -22"><span class='ocrx_word' id='word_1_183' title='bbox 148 2362 239 2402; x_wconf 83' lang='lat' dir='ltr'><strong>uersu</strong></span> <span class='ocrx_word' id='word_1_184' title='bbox 255 2386 265 2414; x_wconf 95' lang='lat'><strong>,</strong></span> <span class='ocrx_word' id='word_1_185' title='bbox 284 2343 379 2424; x_wconf 83' lang='lat' dir='ltr'><strong>quusi</strong></span> <span class='ocrx_word' id='word_1_186' title='bbox 390 2337 609 2404; x_wconf 77' lang='lat' dir='ltr'><strong>Heoeuemercm</strong></span> <span class='ocrx_word' id='word_1_187' title='bbox 628 2341 740 2404; x_wconf 83' lang='lat' dir='ltr'><strong>librum</strong></span> <span class='ocrx_word' id='word_1_188' title='bbox 756 2362 861 2404; x_wconf 77' lang='lat' dir='ltr'><strong>amum.</strong></span> <span class='ocrx_word' id='word_1_189' title='bbox 895 2340 997 2423; x_wconf 91' lang='lat' dir='ltr'><strong>ltaque</strong></span> <span class='ocrx_word' id='word_1_190' title='bbox 1013 2361 1078 2402; x_wconf 90' lang='lat' dir='ltr'><strong>cum</strong></span> <span class='ocrx_word' id='word_1_191' title='bbox 1096 2358 1192 2421; x_wconf 91' lang='lat' dir='ltr'><strong>neque</strong></span> <span class='ocrx_word' id='word_1_192' title='bbox 1209 2338 1283 2399; x_wconf 89' lang='lat' dir='ltr'><strong>Pru-</strong></span> 
     </span>
     <span class='ocr_line' id='line_1_23' title="bbox 150 2433 1283 2519; baseline -0.003 -21"><span class='ocrx_word' id='word_1_193' title='bbox 150 2435 255 2512; x_wconf 83' lang='lat' dir='ltr'><strong>dentii,</strong></span> <span class='ocrx_word' id='word_1_194' title='bbox 275 2455 371 2517; x_wconf 89' lang='lat' dir='ltr'><strong>neque</strong></span> <span class='ocrx_word' id='word_1_195' title='bbox 387 2435 519 2498; x_wconf 86' lang='lat' dir='ltr'><strong>Salviani</strong></span> <span class='ocrx_word' id='word_1_196' title='bbox 536 2436 733 2500; x_wconf 84' lang='lat' dir='ltr'><strong>Massiliensis</strong></span> <span class='ocrx_word' id='word_1_197' title='bbox 755 2436 937 2500; x_wconf 89' lang='lat' dir='ltr'><strong>eiuscemodi</strong></span> <span class='ocrx_word' id='word_1_198' title='bbox 959 2455 1032 2519; x_wconf 91' lang='lat' dir='ltr'><strong>opus</strong></span> <span class='ocrx_word' id='word_1_199' title='bbox 1050 2446 1154 2510; x_wconf 84' lang='lat' dir='ltr'><strong>extet,</strong></span> <span class='ocrx_word' id='word_1_200' title='bbox 1178 2433 1283 2517; x_wconf 90' lang='lat' dir='ltr'><strong>proha-</strong></span> 
     </span>
     <span class='ocr_line' id='line_1_24' title="bbox 149 2527 1284 2612; baseline -0.003 -22"><span class='ocrx_word' id='word_1_201' title='bbox 149 2529 210 2593; x_wconf 89' lang='lat' dir='ltr'><strong>hile</strong></span> <span class='ocrx_word' id='word_1_202' title='bbox 225 2529 259 2590; x_wconf 87' lang='lat' dir='ltr'><strong>fit</strong></span> <span class='ocrx_word' id='word_1_203' title='bbox 273 2528 423 2612; x_wconf 83' lang='lat' dir='ltr'><strong>glossema</strong></span> <span class='ocrx_word' id='word_1_204' title='bbox 440 2539 493 2591; x_wconf 89' lang='lat' dir='ltr'><strong>aut</strong></span> <span class='ocrx_word' id='word_1_205' title='bbox 507 2529 563 2594; x_wconf 88' lang='lat' dir='ltr'><strong>huc</strong></span> <span class='ocrx_word' id='word_1_206' title='bbox 580 2542 630 2594; x_wconf 88' lang='lat' dir='ltr'><strong>aut</strong></span> <span class='ocrx_word' id='word_1_207' title='bbox 645 2530 715 2596; x_wconf 89' lang='lat' dir='ltr'><strong>illuc</strong></span> <span class='ocrx_word' id='word_1_208' title='bbox 731 2531 903 2612; x_wconf 87' lang='lat' dir='ltr'><strong>irrepsisse.</strong></span> <span class='ocrx_word' id='word_1_209' title='bbox 928 2529 1109 2592; x_wconf 88' lang='lat' dir='ltr'><strong>Trithemius</strong></span> <span class='ocrx_word' id='word_1_210' title='bbox 1122 2549 1239 2610; x_wconf 87' lang='lat' dir='ltr'><strong>quoque</strong></span> <span class='ocrx_word' id='word_1_211' title='bbox 1255 2527 1284 2588; x_wconf 92' lang='lat' dir='ltr'><strong>id</strong></span> 
     </span>
     <span class='ocr_line' id='line_1_25' title="bbox 150 2620 473 2704; baseline -0.003 -20"><span class='ocrx_word' id='word_1_212' title='bbox 150 2641 275 2704; x_wconf 92' lang='lat' dir='ltr'><strong>prorsus</strong></span> <span class='ocrx_word' id='word_1_213' title='bbox 291 2620 473 2704; x_wconf 72' lang='lat' dir='ltr'><strong>ignorat44).</strong></span> 
     </span>
    </p>

    <p class='ocr_par' dir='ltr' id='par_1_5' title="bbox 151 2711 1288 3560">
     <span class='ocr_line' id='line_1_26' title="bbox 237 2711 1285 2778; baseline -0.001 -3"><span class='ocrx_word' id='word_1_214' title='bbox 237 2713 370 2778; x_wconf 79' lang='lat' dir='ltr'><strong>Alterius</strong></span> <span class='ocrx_word' id='word_1_215' title='bbox 383 2716 572 2778; x_wconf 90' lang='lat' dir='ltr'><strong>Prudentium</strong></span> <span class='ocrx_word' id='word_1_216' title='bbox 587 2715 728 2778; x_wconf 82' lang='lat' dir='ltr'><strong>carminis</strong></span> <span class='ocrx_word' id='word_1_217' title='bbox 745 2726 897 2778; x_wconf 87' lang='lat' dir='ltr'><strong>auctorem</strong></span> <span class='ocrx_word' id='word_1_218' title='bbox 912 2735 980 2778; x_wconf 89' lang='lat' dir='ltr'><strong>esse</strong></span> <span class='ocrx_word' id='word_1_219' title='bbox 996 2713 1133 2777; x_wconf 89' lang='lat' dir='ltr'><strong>nonnulli</strong></span> <span class='ocrx_word' id='word_1_220' title='bbox 1149 2733 1189 2776; x_wconf 87' lang='lat' dir='ltr'><strong>cx</strong></span> <span class='ocrx_word' id='word_1_221' title='bbox 1205 2711 1285 2774; x_wconf 87' lang='lat' dir='ltr'><strong>Geu-</strong></span> 
     </span>
     <span class='ocr_line' id='line_1_27' title="bbox 151 2809 1284 2895; baseline -0.004 -22"><span class='ocrx_word' id='word_1_222' title='bbox 151 2811 234 2874; x_wconf 85' lang='lat' dir='ltr'><strong>uadii</strong></span> <span class='ocrx_word' id='word_1_223' title='bbox 250 2811 339 2873; x_wconf 86' lang='lat' dir='ltr'><strong>vhh.:</strong></span> <span class='ocrx_word' id='word_1_224' title='bbox 357 2813 447 2875; x_wconf 83' lang='lat' dir='ltr'><strong>Fecit</strong></span> <span class='ocrx_word' id='word_1_225' title='bbox 461 2822 494 2874; x_wconf 84' lang='lat' dir='ltr'><strong>ct</strong></span> <span class='ocrx_word' id='word_1_226' title='bbox 507 2817 538 2874; x_wconf 82' lang='lat' dir='ltr'><strong>im</strong></span> <span class='ocrx_word' id='word_1_227' title='bbox 556 2811 678 2874; x_wconf 79' lang='lat' dir='ltr'><strong>landem</strong></span> <span class='ocrx_word' id='word_1_228' title='bbox 693 2821 868 2894; x_wconf 76' lang='lat' dir='ltr'><strong>martyrum</strong></span> <span class='ocrx_word' id='word_1_229' title='bbox 890 2811 946 2873; x_wconf 84' lang='lat' dir='ltr'><strong>sud</strong></span> <span class='ocrx_word' id='word_1_230' title='bbox 962 2813 1138 2895; x_wconf 79' lang='lat' dir='ltr'><strong>aliquorum</strong></span> <span class='ocrx_word' id='word_1_231' title='bbox 1155 2809 1284 2870; x_wconf 80' lang='lat' dir='ltr'><strong>montini-</strong></span> 
     </span>
     <span class='ocr_line' id='line_1_28' title="bbox 152 2899 1283 2990; baseline -0.005 -22"><span class='ocrx_word' id='word_1_232' title='bbox 152 2909 210 2969; x_wconf 81' lang='lat' dir='ltr'><strong>dus</strong></span> <span class='ocrx_word' id='word_1_233' title='bbox 225 2907 444 2970; x_wconf 81' lang='lat' dir='ltr'><strong>Imot&#39;tutort&#39;um</strong></span> <span class='ocrx_word' id='word_1_234' title='bbox 469 2907 512 2969; x_wconf 86' lang='lat' dir='ltr'><strong>ud</strong></span> <span class='ocrx_word' id='word_1_235' title='bbox 526 2907 718 2990; x_wconf 75' lang='lat' dir='ltr'><strong>Martyrium</strong></span> <span class='ocrx_word' id='word_1_236' title='bbox 736 2907 847 2968; x_wconf 83' lang='lat' dir='ltr'><strong>librum</strong></span> <span class='ocrx_word' id='word_1_237' title='bbox 872 2928 964 2968; x_wconf 81' lang='lat' dir='ltr'><strong>unum</strong></span> <span class='ocrx_word' id='word_1_238' title='bbox 989 2905 1045 2967; x_wconf 93' lang='lat' dir='ltr'><strong>sihi</strong></span> <span class='ocrx_word' id='word_1_239' title='bbox 1074 2899 1283 2987; x_wconf 55' lang='lat' dir='ltr'><strong>cottigumt‘).</strong></span> 
     </span>
     <span class='ocr_line' id='line_1_29' title="bbox 153 2995 1286 3089; baseline -0.007 -24"><span class='ocrx_word' id='word_1_240' title='bbox 153 3004 205 3066; x_wconf 91' lang='lat' dir='ltr'><strong>lsti</strong></span> <span class='ocrx_word' id='word_1_241' title='bbox 229 3001 367 3064; x_wconf 89' lang='lat' dir='ltr'><strong>nimirum</strong></span> <span class='ocrx_word' id='word_1_242' title='bbox 390 3012 458 3085; x_wconf 89' lang='lat' dir='ltr'><strong>post</strong></span> <span class='ocrx_word' id='word_1_243' title='bbox 480 3002 655 3064; x_wconf 67' lang='lat' dir='ltr'><strong>continetur</strong></span> <span class='ocrx_word' id='word_1_244' title='bbox 671 3001 816 3082; x_wconf 89' lang='lat' dir='ltr'><strong>virgulam</strong></span> <span class='ocrx_word' id='word_1_245' title='bbox 833 3001 950 3089; x_wconf 81' lang='lat' dir='ltr'><strong>locant,</strong></span> <span class='ocrx_word' id='word_1_246' title='bbox 977 3021 1033 3080; x_wconf 89' lang='lat' dir='ltr'><strong>qua</strong></span> <span class='ocrx_word' id='word_1_247' title='bbox 1057 2995 1286 3081; x_wconf 85' lang='lat' dir='ltr'><strong>interpungendi</strong></span> 
     </span>
     <span class='ocr_line' id='line_1_30' title="bbox 151 3095 1287 3180; baseline -0.004 -19"><span class='ocrx_word' id='word_1_248' title='bbox 151 3098 272 3161; x_wconf 87' lang='lat' dir='ltr'><strong>ratione</strong></span> <span class='ocrx_word' id='word_1_249' title='bbox 294 3097 335 3158; x_wconf 92' lang='lat' dir='ltr'><strong>nil</strong></span> <span class='ocrx_word' id='word_1_250' title='bbox 357 3098 488 3180; x_wconf 90' lang='lat' dir='ltr'><strong>pravius.</strong></span> <span class='ocrx_word' id='word_1_251' title='bbox 528 3097 673 3179; x_wconf 87' lang='lat' dir='ltr'><strong>Equidem</strong></span> <span class='ocrx_word' id='word_1_252' title='bbox 691 3097 836 3159; x_wconf 88' lang='lat' dir='ltr'><strong>Gennadii</strong></span> <span class='ocrx_word' id='word_1_253' title='bbox 852 3097 942 3172; x_wconf 89' lang='lat' dir='ltr'><strong>vbh.,</strong></span> <span class='ocrx_word' id='word_1_254' title='bbox 967 3116 1043 3178; x_wconf 87' lang='lat' dir='ltr'><strong>quae</strong></span> <span class='ocrx_word' id='word_1_255' title='bbox 1065 3095 1134 3177; x_wconf 91' lang='lat' dir='ltr'><strong>quin</strong></span> <span class='ocrx_word' id='word_1_256' title='bbox 1157 3095 1287 3178; x_wconf 87' lang='lat' dir='ltr'><strong>genuina</strong></span> 
     </span>
     <span class='ocr_line' id='line_1_31' title="bbox 152 3183 1286 3273; baseline -0.009 -15"><span class='ocrx_word' id='word_1_257' title='bbox 152 3196 216 3258; x_wconf 89' lang='lat' dir='ltr'><strong>sint</strong></span> <span class='ocrx_word' id='word_1_258' title='bbox 230 3215 290 3256; x_wconf 90' lang='lat' dir='ltr'><strong>nou</strong></span> <span class='ocrx_word' id='word_1_259' title='bbox 306 3183 524 3269; x_wconf 78' lang='lat' dir='ltr'><strong>dubitaverim,</strong></span> <span class='ocrx_word' id='word_1_260' title='bbox 551 3192 586 3253; x_wconf 88' lang='lat' dir='ltr'><strong>ad</strong></span> <span class='ocrx_word' id='word_1_261' title='bbox 609 3191 716 3254; x_wconf 90' lang='lat' dir='ltr'><strong>lihrum</strong></span> <span class='ocrx_word' id='word_1_262' title='bbox 732 3190 969 3273; x_wconf 91' lang='lat' dir='ltr'><strong>Peristephauou</strong></span> <span class='ocrx_word' id='word_1_263' title='bbox 985 3189 1080 3253; x_wconf 88' lang='lat' dir='ltr'><strong>adhue</strong></span> <span class='ocrx_word' id='word_1_264' title='bbox 1097 3188 1286 3271; x_wconf 88' lang='lat' dir='ltr'><strong>superstitem</strong></span> 
     </span>
     <span class='ocr_line' id='line_1_32' title="bbox 151 3281 1286 3370; baseline -0.011 -17"><span class='ocrx_word' id='word_1_265' title='bbox 151 3290 315 3354; x_wconf 79' lang='lat' dir='ltr'><strong>referenda</strong></span> <span class='ocrx_word' id='word_1_266' title='bbox 340 3309 393 3370; x_wconf 90' lang='lat' dir='ltr'><strong>pro</strong></span> <span class='ocrx_word' id='word_1_267' title='bbox 419 3297 503 3349; x_wconf 90' lang='lat' dir='ltr'><strong>certo</strong></span> <span class='ocrx_word' id='word_1_268' title='bbox 520 3286 625 3348; x_wconf 88' lang='lat' dir='ltr'><strong>haheo.</strong></span> <span class='ocrx_word' id='word_1_269' title='bbox 657 3287 797 3370; x_wconf 85' lang='lat' dir='ltr'><strong>Legerim</strong></span> <span class='ocrx_word' id='word_1_270' title='bbox 812 3297 931 3347; x_wconf 87' lang='lat' dir='ltr'><strong>tamen:</strong></span> <span class='ocrx_word' id='word_1_271' title='bbox 957 3285 1047 3347; x_wconf 80' lang='lat' dir='ltr'><strong>Fecit</strong></span> <span class='ocrx_word' id='word_1_272' title='bbox 1069 3293 1101 3344; x_wconf 85' lang='lat' dir='ltr'><strong>ct</strong></span> <span class='ocrx_word' id='word_1_273' title='bbox 1115 3286 1147 3344; x_wconf 82' lang='lat' dir='ltr'><strong>im</strong></span> <span class='ocrx_word' id='word_1_274' title='bbox 1163 3281 1286 3343; x_wconf 71' lang='lat' dir='ltr'><strong>lacedem</strong></span> 
     </span>
     <span class='ocr_line' id='line_1_33' title="bbox 153 3373 1288 3467; baseline -0.013 -19"><span class='ocrx_word' id='word_1_275' title='bbox 153 3393 329 3467; x_wconf 80' lang='lat' dir='ltr'><strong>rourtprttm</strong></span> <span class='ocrx_word' id='word_1_276' title='bbox 350 3382 404 3444; x_wconf 81' lang='lat' dir='ltr'><strong>sud</strong></span> <span class='ocrx_word' id='word_1_277' title='bbox 428 3382 604 3466; x_wconf 82' lang='lat' dir='ltr'><strong>aliquorum</strong></span> <span class='ocrx_word' id='word_1_278' title='bbox 627 3379 801 3444; x_wconf 77' lang='lat' dir='ltr'><strong>homiuibus</strong></span> <span class='ocrx_word' id='word_1_279' title='bbox 822 3379 1040 3440; x_wconf 80' lang='lat' dir='ltr'><strong>invitatorium</strong></span> <span class='ocrx_word' id='word_1_280' title='bbox 1062 3375 1106 3436; x_wconf 85' lang='lat' dir='ltr'><strong>ud</strong></span> <span class='ocrx_word' id='word_1_281' title='bbox 1128 3373 1288 3435; x_wconf 83' lang='lat' dir='ltr'><strong>celebram-</strong></span> 
     </span>
     <span class='ocr_line' id='line_1_34' title="bbox 154 3466 1285 3560; baseline -0.014 -18"><span class='ocrx_word' id='word_1_282' title='bbox 154 3479 228 3542; x_wconf 83' lang='lat' dir='ltr'><strong>dum</strong></span> <span class='ocrx_word' id='word_1_283' title='bbox 258 3477 444 3560; x_wconf 75' lang='lat' dir='ltr'><strong>martyrium</strong></span> <span class='ocrx_word' id='word_1_284' title='bbox 474 3472 534 3554; x_wconf 88' lang='lat' dir='ltr'><strong>[vel</strong></span> <span class='ocrx_word' id='word_1_285' title='bbox 561 3473 606 3536; x_wconf 84' lang='lat' dir='ltr'><strong>ud</strong></span> <span class='ocrx_word' id='word_1_286' title='bbox 626 3472 816 3536; x_wconf 80' lang='lat' dir='ltr'><strong>celebranda</strong></span> <span class='ocrx_word' id='word_1_287' title='bbox 846 3470 1015 3552; x_wconf 70' lang='lat' dir='ltr'><strong>martyria]</strong></span> <span class='ocrx_word' id='word_1_288' title='bbox 1041 3466 1285 3546; x_wconf 63' lang='lat' dir='ltr'><strong>libramentum.</strong></span> 
     </span>
    </p>
   </div>
   <div class='ocr_carea' id='block_1_4' title="bbox 227 3665 782 3809">
    <p class='ocr_par' dir='ltr' id='par_1_6' title="bbox 227 3665 782 3809">
     <span class='ocr_line' id='line_1_35' title="bbox 227 3665 600 3732; baseline -0.019 -12"><span class='ocrx_word' id='word_1_289' title='bbox 227 3670 271 3732; x_wconf 86' lang='grc'><strong>39)</strong></span> <span class='ocrx_word' id='word_1_290' title='bbox 291 3667 328 3716; x_wconf 84' lang='lat' dir='ltr'><strong>lle</strong></span> <span class='ocrx_word' id='word_1_291' title='bbox 341 3667 392 3715; x_wconf 93' lang='lat' dir='ltr'><strong>vir.</strong></span> <span class='ocrx_word' id='word_1_292' title='bbox 407 3665 502 3715; x_wconf 88' lang='lat' dir='ltr'><strong>illustr.</strong></span> <span class='ocrx_word' id='word_1_293' title='bbox 518 3681 540 3716; x_wconf 89' lang='lat' dir='ltr'><strong>c.</strong></span> <span class='ocrx_word' id='word_1_294' title='bbox 559 3665 600 3714; x_wconf 80' lang='lat'><strong>13.</strong></span> 
     </span>
     <span class='ocr_line' id='line_1_36' title="bbox 227 3740 782 3809; baseline -0.016 -12"><span class='ocrx_word' id='word_1_295' title='bbox 227 3749 271 3808; x_wconf 86' lang='grc'><strong>40)</strong></span> <span class='ocrx_word' id='word_1_296' title='bbox 291 3746 408 3809; x_wconf 84' lang='lat' dir='ltr'><strong>Prolegg.</strong></span> <span class='ocrx_word' id='word_1_297' title='bbox 423 3760 447 3809; x_wconf 93' lang='lat' dir='ltr'><strong>p.</strong></span> <span class='ocrx_word' id='word_1_298' title='bbox 462 3742 535 3806; x_wconf 88' lang='lat' dir='ltr'><strong>Xlll,</strong></span> <span class='ocrx_word' id='word_1_299' title='bbox 550 3750 603 3792; x_wconf 91' lang='lat' dir='ltr'><strong>not.</strong></span> <span class='ocrx_word' id='word_1_300' title='bbox 618 3743 648 3792; x_wconf 82' lang='lat' dir='ltr'><strong>st</strong></span> <span class='ocrx_word' id='word_1_301' title='bbox 665 3740 724 3790; x_wconf 90' lang='lat' dir='ltr'><strong>coll.</strong></span> <span class='ocrx_word' id='word_1_302' title='bbox 741 3741 782 3789; x_wconf 82' lang='lat'><strong>52.</strong></span> 
     </span>
    </p>
   </div>
   <div class='ocr_carea' id='block_1_5' title="bbox 156 3817 1291 4253">
    <p class='ocr_par' dir='ltr' id='par_1_7' title="bbox 229 3817 538 3885">
     <span class='ocr_line' id='line_1_37' title="bbox 229 3817 538 3885; baseline -0.019 -11"><span class='ocrx_word' id='word_1_303' title='bbox 229 3823 273 3885; x_wconf 89' lang='grc'><strong>41)</strong></span> <span class='ocrx_word' id='word_1_304' title='bbox 294 3821 412 3884; x_wconf 81' lang='lat' dir='ltr'><strong>l’rolegg.</strong></span> <span class='ocrx_word' id='word_1_305' title='bbox 427 3837 451 3884; x_wconf 93' lang='lat' dir='ltr'><strong>p.</strong></span> <span class='ocrx_word' id='word_1_306' title='bbox 466 3817 538 3869; x_wconf 86' lang='lat' dir='ltr'><strong>Xlll.</strong></span> 
     </span>
    </p>

    <p class='ocr_par' dir='ltr' id='par_1_8' title="bbox 156 3887 1291 4105">
     <span class='ocr_line' id='line_1_38' title="bbox 229 3887 1288 3962; baseline -0.01 -14"><span class='ocrx_word' id='word_1_307' title='bbox 229 3901 273 3962; x_wconf 81' lang='grc'><strong>42)</strong></span> <span class='ocrx_word' id='word_1_308' title='bbox 291 3899 384 3948; x_wconf 86' lang='lat' dir='ltr'><strong>Perist.</strong></span> <span class='ocrx_word' id='word_1_309' title='bbox 402 3895 447 3958; x_wconf 86' lang='lat' dir='ltr'><strong>tx,</strong></span> <span class='ocrx_word' id='word_1_310' title='bbox 465 3897 506 3957; x_wconf 90' lang='lat'><strong>10,</strong></span> <span class='ocrx_word' id='word_1_311' title='bbox 520 3893 568 3958; x_wconf 86' lang='lat' dir='ltr'><strong>Xl,</strong></span> <span class='ocrx_word' id='word_1_312' title='bbox 585 3893 649 3954; x_wconf 82' lang='lat'><strong>127,</strong></span> <span class='ocrx_word' id='word_1_313' title='bbox 675 3892 850 3942; x_wconf 85' lang='lat' dir='ltr'><strong>Bellermaun:</strong></span> <span class='ocrx_word' id='word_1_314' title='bbox 877 3887 959 3940; x_wconf 89' lang='lat' dir='ltr'><strong>Ueher</strong></span> <span class='ocrx_word' id='word_1_315' title='bbox 979 3890 1020 3940; x_wconf 90' lang='lat' dir='ltr'><strong>die</strong></span> <span class='ocrx_word' id='word_1_316' title='bbox 1040 3889 1166 3938; x_wconf 88' lang='lat' dir='ltr'><strong>aeltcsteu</strong></span> <span class='ocrx_word' id='word_1_317' title='bbox 1188 3888 1288 3937; x_wconf 86' lang='lat' dir='ltr'><strong>christl.</strong></span> 
     </span>
     <span class='ocr_line' id='line_1_39' title="bbox 157 3955 1291 4034; baseline -0.017 -12"><span class='ocrx_word' id='word_1_318' title='bbox 157 3966 425 4034; x_wconf 78' lang='lat' dir='ltr'><strong>Bagraehnissstiitten</strong></span> <span class='ocrx_word' id='word_1_319' title='bbox 440 3964 490 4015; x_wconf 88' lang='lat' dir='ltr'><strong>und</strong></span> <span class='ocrx_word' id='word_1_320' title='bbox 503 3963 642 4014; x_wconf 89' lang='lat' dir='ltr'><strong>hesondcrs</strong></span> <span class='ocrx_word' id='word_1_321' title='bbox 655 3961 696 4011; x_wconf 90' lang='lat' dir='ltr'><strong>die</strong></span> <span class='ocrx_word' id='word_1_322' title='bbox 711 3957 881 4010; x_wconf 77' lang='lat' dir='ltr'><strong>liutucomhcu</strong></span> <span class='ocrx_word' id='word_1_323' title='bbox 892 3974 924 4008; x_wconf 88' lang='lat' dir='ltr'><strong>zu</strong></span> <span class='ocrx_word' id='word_1_324' title='bbox 936 3955 1032 4022; x_wconf 83' lang='lat' dir='ltr'><strong>Neapel</strong></span> <span class='ocrx_word' id='word_1_325' title='bbox 1046 3959 1092 4008; x_wconf 89' lang='lat' dir='ltr'><strong>mit</strong></span> <span class='ocrx_word' id='word_1_326' title='bbox 1105 3958 1178 4006; x_wconf 88' lang='lat' dir='ltr'><strong>ihren</strong></span> <span class='ocrx_word' id='word_1_327' title='bbox 1192 3955 1291 4012; x_wconf 83' lang='lat' dir='ltr'><strong>Wund-</strong></span> 
     </span>
     <span class='ocr_line' id='line_1_40' title="bbox 156 4032 556 4105; baseline -0.02 -15"><span class='ocrx_word' id='word_1_328' title='bbox 156 4038 306 4105; x_wconf 82' lang='lat' dir='ltr'><strong>gem&#39;tildeu,</strong></span> <span class='ocrx_word' id='word_1_329' title='bbox 326 4034 464 4096; x_wconf 82' lang='lat' dir='ltr'><strong>llumhurg,</strong></span> <span class='ocrx_word' id='word_1_330' title='bbox 482 4032 556 4083; x_wconf 77' lang='lat'><strong>1839.</strong></span> 
     </span>
    </p>

    <p class='ocr_par' dir='ltr' id='par_1_9' title="bbox 231 4110 441 4177">
     <span class='ocr_line' id='line_1_41' title="bbox 231 4110 441 4177; baseline -0.014 -15"><span class='ocrx_word' id='word_1_331' title='bbox 231 4114 276 4177; x_wconf 83' lang='grc'><strong>43)</strong></span> <span class='ocrx_word' id='word_1_332' title='bbox 294 4111 313 4162; x_wconf 93' lang='lat' dir='ltr'><strong>l.</strong></span> <span class='ocrx_word' id='word_1_333' title='bbox 328 4111 346 4160; x_wconf 92' lang='lat' dir='ltr'><strong>l.</strong></span> <span class='ocrx_word' id='word_1_334' title='bbox 362 4127 385 4160; x_wconf 88' lang='lat' dir='ltr'><strong>c.</strong></span> <span class='ocrx_word' id='word_1_335' title='bbox 400 4110 441 4160; x_wconf 84' lang='lat' dir='ltr'><strong>tt.</strong></span> 
     </span>
    </p>

    <p class='ocr_par' dir='ltr' id='par_1_10' title="bbox 232 4179 732 4253">
     <span class='ocr_line' id='line_1_42' title="bbox 232 4179 732 4253; baseline -0.02 -14"><span class='ocrx_word' id='word_1_336' title='bbox 232 4191 277 4253; x_wconf 93' lang='grc'><strong>44)</strong></span> <span class='ocrx_word' id='word_1_337' title='bbox 297 4187 354 4238; x_wconf 92' lang='lat' dir='ltr'><strong>Vid.</strong></span> <span class='ocrx_word' id='word_1_338' title='bbox 370 4187 503 4252; x_wconf 89' lang='lat' dir='ltr'><strong>descript.</strong></span> <span class='ocrx_word' id='word_1_339' title='bbox 518 4183 582 4234; x_wconf 88' lang='lat' dir='ltr'><strong>eccl.</strong></span> <span class='ocrx_word' id='word_1_340' title='bbox 599 4181 618 4242; x_wconf 91' lang='lat' dir='ltr'><strong>l,</strong></span> <span class='ocrx_word' id='word_1_341' title='bbox 633 4196 656 4246; x_wconf 95' lang='lat' dir='ltr'><strong>p.</strong></span> <span class='ocrx_word' id='word_1_342' title='bbox 672 4179 732 4230; x_wconf 81' lang='lat'><strong>210.</strong></span> 
     </span>
    </p>
   </div>
   <div class='ocr_carea' id='block_1_6' title="bbox 233 4265 538 4330">
    <p class='ocr_par' dir='ltr' id='par_1_11' title="bbox 233 4265 538 4330">
     <span class='ocr_line' id='line_1_43' title="bbox 233 4265 538 4330; baseline -0.016 -12"><span class='ocrx_word' id='word_1_343' title='bbox 233 4269 278 4328; x_wconf 75' lang='lat' dir='ltr'><strong>ts)</strong></span> <span class='ocrx_word' id='word_1_344' title='bbox 297 4267 374 4316; x_wconf 68' lang='lat' dir='ltr'><strong>sats.</strong></span> <span class='ocrx_word' id='word_1_345' title='bbox 389 4266 405 4315; x_wconf 91' lang='grc' dir='ltr'><strong>ι.</strong></span> <span class='ocrx_word' id='word_1_346' title='bbox 421 4266 439 4314; x_wconf 85' lang='grc' dir='ltr'><strong>ι.</strong></span> <span class='ocrx_word' id='word_1_347' title='bbox 454 4281 478 4330; x_wconf 76' lang='lat' dir='ltr'><strong>p.</strong></span> <span class='ocrx_word' id='word_1_348' title='bbox 494 4265 538 4314; x_wconf 84' lang='lat' dir='ltr'><strong>ts.</strong></span> 
     </span>
    </p>
   </div>
   <div class='ocr_carea' id='block_1_7' title="bbox 0 0 1547 4820">
    <p class='ocr_par' dir='ltr' id='par_1_12' title="bbox 0 0 1547 4820">
     <span class='ocr_line' id='line_1_44' title="bbox 0 0 1547 4820; baseline 0 0"><span class='ocrx_word' id='word_1_349' title='bbox 0 0 1547 4820; x_wconf 95' lang='lat' dir='ltr'><strong> </strong></span> 
     </span>
    </p>
   </div>
  </div>
 </body>
</html>
