3054 4820
282 287 361 332 xxvi
472 319 475 324 .
534 345 537 350 ¹
703 287 965 341 Pflonttttotttttth.

271 454 333 516 illa
349 454 386 516 ed
401 475 520 562 menum
537 457 593 521 luit
601 454 654 540 14).
687 459 801 523 Toxlus
826 459 942 542 quidem
959 481 1018 523 nou
1030 481 1072 524 ex
1089 439 1209 544 optimis
1224 463 1406 527 membranis
1445 459 1448 466 ⁴

202 667 262 708 reos.
283 560 452 706 emtum.
475 631 570 736 Clam.
589 643 686 708 Prud.
715 668 785 730 opp.
804 650 932 732 poetica
947 647 1101 712 Duoentr.
1127 671 1179 712 au.
1202 655 1294 724 1495,
1320 658 1338 712 4
1363 673 1407 714 eu

282 739 358 801 edit.
375 737 457 802 hlud.
475 741 600 824 Langii
618 743 756 826 Ludwig.
776 753 806 805 et
821 743 918 806 editor
933 744 1029 808 Lond.
1050 748 1161 828 (1824)
1177 768 1206 830 p.
1229 753 1306 810 1537
1325 768 1407 810 oom—
1512 781 1513 802 .

282 844 460 910 memorent,
478 835 534 900 sed,
546 834 646 898 dubito
662 837 732 918 quin
749 837 872 900 existet.

180 924 265 1021 ¹f5⁰32⁶ff
347 928 534 994 Prudentii
548 943 663 1015 poetae
678 955 791 1018 opera,
824 932 969 997 Venetiae
984 933 1070 1018 apud
1091 935 1210 998 Aldum
1236 945 1338 998 menese
1353 935 1407 1000 la-

276 1027 407 1103 -naario,
423 1024 465 1087 M.
484 1024 520 1087 D.
538 1025 562 1086 l.
582 1032 612 1088 4.
643 1025 735 1090 Aldus
751 1039 849 1090 eutem
865 1027 976 1110 primns
993 1021 1289 1094 textui'emeudnndo
1305 1021 1409 1094 codiee
1512 1109 1513 1118 ἵ

280 1119 354 1184 setis
369 1120 461 1184 110110ΙΙ
471 1143 543 1185 usus
567 1123 606 1186 ah
621 1145 717 1209 usque
733 1124 898 1188 Britannis
913 1126 1016 1187 eeoito
1027 1121 1066 1206 ¹⁵)
1089 1126 1192 1190 sedulo
1215 1147 1333 1209 operam
1352 1149 1408 1190 na-

280 1214 374 1276 vavit.
399 1213 483 1294 Haud
499 1236 591 1298 panon
609 1227 707 1300 minen
723 1217 794 1278 vitia
810 1216 1015 1302 irrepserunt,¹
1036 1238 1128 1299 quere
1144 1219 1207 1301 ipse
1222 1219 1316 1302 primo
1333 1242 1408 1302 que·
1512 1281 1513 1286 ,

281 1311 410 1372 tornioni
426 1310 602 1376 Emendate
613 1317 644 1376 in
658 1313 828 1377 Prudentia
844 1312 959 1376 indidit.
984 1312 1114 1376 Adhuee
1132 1314 1262 1380 librariis
1277 1316 1308 1378 in
1321 1314 1408 1381 ltelie

282 1406 355 1472 dues
370 1406 523 1479 Prudentii
538 1409 605 1472 edd.
623 1410 870 1472 circumferuntur
885 1419 972 1490 etque
988 1409 1175 1485 venduntur,
1194 1431 1266 1491 quas
1282 1431 1324 1474 ex
1337 1411 1408 1476 Aldi

281 1501 400 1577 ollieiua
429 1486 563 1585 prddisse
588 1503 807 1568 helueinuntur.
845 1504 983 1566 Breviter
1012 1503 1116 1566 dinam.
1145 1502 1225 1566 Vera
1245 1503 1353 1568 Aldina
1375 1506 1409 1568 in

281 1597 377 1659 forma
393 1604 423 1659 4.
447 1597 593 1681 impresse
615 1610 661 1663 est
684 1620 748 1661 enm
773 1598 991 1682 subsoriplione
1006 1619 1023 1660 e
1040 1598 1124 1662 nobis
1139 1599 1284 1676 indicate,
1305 1601 1409 1686 spuria

280 1690 311 1754 in
329 1696 356 1752 8.
373 1690 511 1776 Lugduni
532 1691 713 1756 clandestino
737 1713 826 1776 opere
848 1691 957 1775 prodiit
978 1693 1046 1755 sine
1062 1693 1130 1756 loeo
1154 1703 1185 1754 et
1205 1715 1297 1758 anno.
1338 1693 1409 1757 Fuit

281 1796 447 1875 antemon.
470 1791 548 1860 1502
567 1785 685 1870 (libert.
704 1785 778 1848 Bibl.
797 1785 857 1848 lex.
875 1787 894 1848 l.
913 1780 1008 1867 l.).1⁶)
1032 1785 1099 1848 Aldi
1115 1785 1242 1869 vestigia
1258 1788 1322 1860 lere
1339 1808 1407 1871 pre-

351 1955 394 2022 14)
413 1915 473 2006 Cir..
484 1958 563 2022 ipsum
577 1957 603 2019 in
616 1956 696 2022 prael.
712 1957 742 2006 ed
757 1965 890 2006 comment.
906 1957 931 2006 in
945 1955 1037 2024 Pspelu.
1052 1973 1078 2024 p.
1093 1959 1117 2007 3.
1136 1997 1138 2002 .

352 2027 394 2089 ts)
414 2026 467 2076 Gir.
482 2026 563 2076 Aldus
577 2026 703 2076 Romanus
716 2025 819 2076 Danieli
840 2025 927 2076 Clario
940 2026 1072 2078 Parmensi
1085 2034 1153 2078 ete:
1174 2027 1339 2078 Prudentiae
1350 2033 1409 2094 pri·

280 2109 340 2144 mus
359 2111 394 2144 ea
413 2095 579 2146 Christianis
599 2098 707 2160 poetis,
727 2099 775 2160 qui
792 2099 819 2144 in
831 2111 926 2144 manas
945 2101 1261 2162 nostrasperoenerant,
1275 2100 1309 2148 uh
1321 2113 1408 2164 aspae

281 2163 422 2214 Britannis
441 2167 561 2227 ueritus,
582 2179 641 2213 eum
660 2166 715 2212 iam
734 2163 807 2212 mille
827 2168 973 2215 eternium
993 2169 1071 2215 annis
1084 2171 1111 2214 et
1125 2166 1189 2230 plus
1202 2182 1231 2216 eo
1245 2165 1406 2232 delituisset,
1512 2209 1513 2216 ,

248 2267 251 2274 .
281 2235 383 2282 omitia
395 2232 872 2300 puhlieumtypisnastrieeaeaeas.
1033 2249 1035 2254 ·
1278 2252 1281 2256 ·
1512 2291 1513 2294 Ἴ

352 2303 395 2364 16)
419 2300 504 2351 Meum.
527 2303 659 2367 utriusque
678 2301 736 2352 edd.
758 2301 846 2366 paneis
866 2301 1008 2352 deseriburn
1028 2303 1185 2369 exemplum,
1205 2317 1271 2369 quae
1290 2303 1408 2355 librariis

279 2385 355 2422 verus
369 2386 424 2420 enm
438 2371 532 2438 spuriis
545 2371 604 2422 etei
617 2369 673 2420 edd.
689 2371 910 2426 commiscentibus
923 2371 998 2421 velim
1017 2371 1186 2422 innotescunt.
1214 2370 1241 2421 ln
1253 2372 1333 2438 primo
1348 2372 1406 2424 tot:

280 2440 537 2506 praetenderentur
556 2456 648 2506 opera.
683 2439 825 2491 Virtutum
845 2455 904 2490 etum
923 2444 1000 2490 uitiis
1015 2455 1127 2506 pergae,
1148 2442 1256 2502 heroico
1275 2446 1404 2494 carmine.

280 2509 382 2575 Hymni
401 2511 563 2560 diurnarum
582 2525 689 2571 rerum,
714 2508 759 2559 Ad
779 2508 952 2560 Gallioatum.
979 2510 1189 2561 Anneianum
1215 2510 1289 2561 Ante
1307 2512 1404 2562 eidam.

280 2578 349 2626 Post
361 2579 459 2628 aihum.
478 2578 523 2628 Ad
535 2579 660 2628 lucernae
673 2581 837 2627 accensione.
858 2578 931 2629 Ante
941 2583 1046 2629 somna.
1069 2579 1109 2629 De
1122 2582 1238 2630 ieiuniis.
1260 2579 1327 2630 Part
1338 2585 1408 2630 ieiu-

280 2648 338 2695 nia.
354 2645 399 2696 Ad
415 2659 504 2702 omnes
518 2647 608 2696 horus.
627 2647 656 2696 In
671 2650 793 2710 eueyuiis
807 2647 979 2712 defunctoru.
995 2647 1023 2698 In
1037 2648 1125 2698 netuli
1135 2648 1177 2697 die
1191 2647 1238 2698 dni
1246 2652 1336 2699 nostri
1347 2649 1407 2699 Iesu

280 2715 387 2764 ehrieti.
406 2715 438 2764 ln
451 2715 607 2778 epiphania.
627 2715 709 2765 Liber
721 2715 753 2764 de
765 2715 930 2779 diuinitate,
947 2719 975 2766 in
994 2733 1044 2780 quo
1057 2721 1123 2766 sunt
1140 2717 1255 2784 hymnus
1273 2717 1305 2767 de
1326 2722 1408 2768 trini-

281 2787 350 2833 tate.
367 2784 399 2833 la
412 2783 550 2847 infideles,
567 2785 671 2840 Contra
684 2785 843 2848 haereticas,
858 2789 905 2850 qai
914 2791 1022 2849 patrem
1033 2801 1145 2851 passam
1157 2787 1312 2851 affimant.
1334 2788 1407 2838 Can-

281 2855 327 2901 tra
349 2851 520 2902 Sabellianos
544 2853 703 2910 haeretie'ps.
733 2853 818 2902 Cotra
843 2853 965 2905 Iudaeus.
996 2855 1084 2906 cotra
1109 2855 1322 2906 Homueionitae.
1364 2857 1405 2906 De
1512 2881 1513 2888 ¹

279 2925 380 2970 natura
393 2924 510 2970 animae.
527 2921 611 2972 Citra
623 2917 870 2972 Phantasmatioos.
886 2923 926 2988 De
939 2927 1143 2974 resurreetione.
1158 2923 1241 2974 Liber
1254 2924 1286 2973 de
1299 2929 1407 2988 origine

275 2995 469 3054 parentorum,
490 2994 585 3040 eontra
602 2989 797 3053 Maraionitas,
816 3006 897 3040 uersu
911 2993 1030 3042 Heroiao.
1058 2991 1210 3058 Tragoedia
1231 2993 1263 3042 de
1278 2997 1407 3057 passione

279 3058 394 3109 Romani
405 3062 547 3125 martyris,
562 3074 643 3110 aerea
654 3061 780 3110 lambino.
800 3059 881 3110 Liber
893 3061 925 3110 de
937 3065 1044 3126 aaronis
1052 3067 1215 3128 martyram,
1227 3066 1255 3112 in
1268 3077 1320 3128 qua
1329 3069 1406 3123 sunt,

282 3125 352 3176 odae
370 3130 398 3176 in
418 3128 522 3177 honori
540 3129 702 3192 Hemeterii,
728 3133 753 3178 ot
774 3129 939 3178 cheledonii.
971 3130 1001 3179 In
1018 3131 1144 3180 honorem
1162 3135 1299 3196 passionis
1316 3137 1410 3182 saneti

279 3195 433 3258 Laurentii.
451 3197 481 3247 ln
496 3197 602 3247 laudem
613 3197 747 3248 Eulaliae.
767 3198 798 3248 ln
812 3196 923 3262 laudem,
932 3196 1108 3263 Undeuiginti
1118 3205 1273 3267 martyram
1288 3199 1407 3251 Caesar-

242 3314 246 3320 ,
279 3259 425 3330 angariae.
455 3266 485 3316 ln
505 3265 620 3317 laudem.
642 3267 825 3334 s.·Vinoentii.
857 3266 887 3316 la
909 3267 1017 3318 laudem
1035 3269 1197 3330 Praetauri,
1218 3270 1357 3335 Augurii,
1380 3276 1410 3320 et

279 3335 397 3400 Eulogii.
421 3335 452 3386 ln
466 3335 572 3386 laudem
586 3333 703 3400 Quirini
714 3337 754 3386 Ite
767 3335 825 3385 loeo
838 3336 887 3385 uhi
900 3335 1036 3404 Martyres
1046 3342 1132 3404 passi.
1159 3338 1252 3388 Passio
1269 3338 1405 3390 Cassiani.

278 3403 379 3454 resero:
391 3404 543 3472 Hippolyti.
570 3405 867 3471 PaesioApostoloram
881 3405 970 3468 Patri,
993 3410 1019 3456 el
1034 3407 1126 3457 Pauli.
1153 3407 1245 3456 Passio
1260 3406 1404 3474 Cypriani.

278 3472 379 3542 Parsia,
396 3475 519 3540 Agnetis.
539 3474 652 3532 ,Contra
671 3475 834 3541 Symmaehu
854 3473 919 3523 lihri
937 3472 1005 3536 duo,
1026 3477 1054 3524 in
1074 3476 1170 3541 quidue
1182 3475 1287 3525 deridet
1302 3475 1405 3526 Gerena

278 3542 357 3593 Deos.
376 3542 473 3593 Tituli
490 3544 687 3608 historiarum,
706 3543 737 3593 de
755 3546 844 3592 aeteri
860 3547 890 3592 et
908 3558 979 3592 nouo
999 3548 1142 3595 testameto
1158 3560 1209 3611 per
1227 3545 1403 3595 tetrastioha.

278 3607 350 3660 Haeo
367 3627 478 3678 graece,
506 3611 619 3664 Cantica
637 3612 746 3662 loannis
765 3611 925 3662 Bamasaeai
940 3615 974 3662 in
990 3611 1180 3677 Theogoniam.
1211 3613 1403 3678 Epiphaniam.

278 3678 441 3744 Peteeouvten.
468 3682 499 3731 ln
517 3680 586 3730 diem
599 3681 745 3730 Domeniari
765 3681 873 3730 Paseae.
893 3680 924 3729 ln
937 3683 1134 3732 Aseensionem.
1166 3684 1196 3733 In
1213 3679 1406 3748 Transfigura-

279 3751 387 3800 tionent.
402 3751 438 3800 'In
450 3750 702 3801 Aneuntarronem.
732 3751 843 3799 Cosmus
864 3751 1116 3817 hierosolymitani,
1131 3752 1244 3804 Curetida
1264 3751 1404 3802 tredeetm.

279 3817 393 3870 Cantie'a
405 3819 625 3883 Mareiepisoapi
639 3818 776 3876 Idrontie,
798 3821 826 3866 in
838 3817 1143 3883 Magnum1Sahhatam.
1165 3820 1306 3872 Caeneum
1321 3818 1406 3872 Theo·

276 3888 373 3952 phanis
385 3891 414 3937 in
426 3889 618 3937 Annettionem.
634 3886 707 3952 Quae
720 3888 765 3936 oia
777 3887 857 3936 hahet
868 3901 882 3934 e
894 3891 1001 3953 regione
1015 3885 1129 3939 latinam
1141 3893 1405 3955 interpretationem.

278 3955 426 4021 Sequuntur
438 3956 530 4006 deinde
543 3956 569 4004 in
590 3953 679 4020 primis
693 3957 723 4005 16
737 3969 811 4021 pugg.
826 3954 905 4004 hoen:
927 3957 1015 4008 Aldus
1034 3957 1171 4009 Romanus
1184 3959 1297 4009 Danieli
1309 3958 1404 4030 Clario
1512 3999 1513 4022 ,

278 4024 421 4087 Parmensi
437 4025 519 4073 honos
537 4023 648 4074 litteras
660 4022 773 4088 degusta*
789 4025 944 4091 profitenti.
963 4043 985 4078 s.
995 4065 1004 4091 ,
1022 4028 1065 4094 De
1077 4032 1174 4080 metris
1191 4030 1287 4092 quihus
1305 4029 1355 4078 hoe
1374 4031 1403 4078 in

278 4091 347 4143 lihro
357 4091 519 4142 Prudentius
531 4106 596 4142 usas
608 4097 658 4142 est.
670 4094 713 4144 Ad
720 4093 857 4144 Danielem
867 4093 989 4146 Clarium
998 4096 1168 4148 Parmensem
1181 4101 1268 4148 airum
1278 4096 1402 4160 duelies„

277 4161 386 4211 Aurelii
395 4160 541 4212 Prudentii
555 4163 615 4212 uita
629 4177 684 4226 per.
694 4161 794 4212 Aldum
807 4162 965 4216 itomanam.
992 4163 1144 4216 Gennadius
1160 4168 1302 4233 presbyter
1316 4169 1344 4216 in
1357 4181 1404 4219 ea·
1512 4175 1513 4204 ³

279 4229 372 4293 talpgo
381 4231 510 4280 uirorum
522 4230 675 4282 illustrium
689 4232 772 4280 huius
783 4232 926 4284 Prudentii
936 4237 976 4284 eie
987 4237 1119 4286 meminit.
1129 4270 1137 4299 ,
1150 4235 1237 4287 Aldus
1249 4235 1351 4286 tentori.
1364 4253 1399 4298 s.,

277 4298 426 4352 Emendate
444 4301 472 4350 in
490 4299 645 4352 Prudentia.
677 4299 801 4366 Sequitur
818 4309 919 4367 textus,
945 4303 972 4353 iu
990 4319 1039 4370 qun
1058 4303 1133 4358 cett.
1156 4305 1222 4357 libro
1243 4306 1402 4358 enteeeduut
