3046 4830
605 339 607 346 ·
646 303 721 356 ullu.
740 301 917 356 PRUDENTH
934 302 1037 357 otuu.

262 489 266 495 ’
368 493 471 554 induci
489 493 621 568 species
638 496 732 568 queat
748 496 783 553 ut
799 492 857 553 sut
872 491 1009 566 imagine
1025 492 1188 564 cornil„
1255 463 1258 472 ’

368 585 435 649 lloc
451 591 579 650 verllum
596 593 654 664 est,
674 590 753 664 quod
770 589 927 650 vibratum
946 585 1047 650 Patris
1064 603 1118 649 ore
1131 587 1265 663 oenlgno

367 683 500 757 sumpsit
516 682 657 758 virgineo
674 682 816 758 tragilem
835 682 872 742 dc
882 695 1018 757 corpore
1034 682 1176 743 formam.

367 775 442 838 lnde
460 779 560 854 ligura
576 769 709 840 hominis
725 779 863 839 nondum
880 779 938 838 suls
954 792 1049 838 carne
1064 775 1172 854 Moysi
1208 841 1210 848 ,

365 873 485 934 obiecta
501 872 638 947 cliigiem
655 872 755 932 nostri
772 872 956 946 signaverat
970 873 1047 945 oris,

367 960 447 1042 quod
465 969 650 1042 quandoque
665 965 752 1028 Deus
767 967 855 1028 verli
868 968 987 1028 virtute
1003 971 1144 1028 coactum

367 1068 550 1138 sumpturus
566 1078 679 1139 corpus
697 1064 807 1124 iaciem
825 1064 980 1124 referebat
995 1064 1134 1124 eandem.

369 1153 428 1218 Sed
447 1161 551 1218 tamen
566 1161 598 1226 el
614 1161 734 1218 sentam
750 1156 819 1217 visa
835 1160 888 1240 cst¹
899 1157 1002 1218 excita
1020 1170 1159 1218 cremare
1196 1203 1198 1210 ,

369 1253 490 1312 darrrma
504 1254 637 1314 rutum:
658 1250 742 1314 Deus
758 1254 790 1312 in
807 1253 905 1328 spinis
922 1253 1072 1314 volitabat
1087 1251 1200 1327 acutia,

367 1349 593 1423 vulnificasque
610 1363 715 1410 comas
732 1349 879 1409 innoxius
896 1349 980 1423 ignis
997 1349 1119 1424 agebat,

366 1448 451 1504 esset
466 1448 501 1504 ut
516 1444 658 1519 exemplo
675 1442 760 1504 Deus
777 1443 1005 1518 inlapsurusin
1022 1446 1110 1504 artus

367 1538 547 1614 spiniferos,
566 1540 695 1600 sudlous
711 1552 789 1612 quos
806 1542 920 1598 texunt
936 1537 1067 1599 crimina
1081 1537 1188 1597 densis

366 1635 396 1691 et
410 1636 539 1707 peccata
554 1633 644 1693 malis
661 1633 782 1693 hirsuta
799 1633 956 1693 doloribus
972 1632 1103 1708 inplent.

369 1721 490 1786 lucullo
507 1741 577 1786 nam
594 1727 690 1802 stirpe
706 1726 963 1787 frutex-vitiosus
981 1726 1099 1800 iniquis
1147 1731 1150 1737 '

366 1823 521 1882 luxuriam
539 1823 639 1897 virgis
656 1821 819 1882 inhonesto
836 1822 995 1883 effundere
1011 1836 1087 1883 suco

365 1921 509 1992 coeperat
524 1923 555 1978 et
571 1919 667 1977 nodos
678 1907 738 1993 'per
753 1919 897 1978 acumina
913 1919 1020 1979 crebra
1037 1919 1164 1993 ligabat.

366 2009 504 2074 Cernere
519 2016 587 2072 erat
603 2013 726 2072 steriles
744 2013 847 2073 suhlto
864 2013 1080 2087 splendescere
1097 2011 1235 2086 frondes,

364 2109 569 2181 accensisque
585 2109 680 2168 cltum
698 2107 783 2168 loliis
800 2123 912 2182 magno
928 2109 1032 2183 inpete
1048 2107 1111 2168 lale

364 2203 527 2263 conlucere
539 2200 653 2278 Deum,
671 2217 728 2264 nec
745 2203 852 2278 spinea
867 2203 991 2263 laedere
1005 2205 1104 2276 texta,

363 2295 499 2356 lambere
516 2297 706 2372 sanguineos
723 2297 845 2365 tructus
862 2300 893 2357 et
908 2311 998 2371 poma
1014 2300 1156 2372 cruenta,

362 2391 518 2466 stringere
535 2391 687 2452 mortileri
705 2391 813 2454 vitalia
827 2392 971 2467 germina
985 2391 1075 2467 ligni.

363 2481 621 2564 Quandoquidem
637 2486 745 2546 tristes
761 2491 937 2562 purgantur
952 2486 1105 2561 sanguine
1121 2483 1240 2559 culpae,

362 2593 453 2654 quem
471 2585 614 2642 contorta
629 2583 727 2643 rullus
743 2582 848 2644 densis
864 2583 1056 2644 cruciatibus
1072 2581 1146 2641 edit.

363 2669 448 2748 Ergo
464 2673 542 2734 nihil
558 2675 672 2751 visum,
690 2675 752 2736 nisi
767 2676 849 2750 quod
866 2677 923 2736 sub
938 2689 1032 2735 carne
1048 2673 1225 2746 videndum,

362 2765 466 2826 lumen
482 2765 585 2842 imago
600 2765 671 2843 Dei,
691 2769 820 2830 verllum
835 2765 922 2830 Deus
937 2771 970 2828 et
984 2765 1070 2830 Deus
1082 2767 1179 2843 ignis,

365 2861 418 2935 qui
436 2865 559 2922 sentum
576 2864 677 2924 nostri
693 2878 858 2939 peccamen
874 2864 1014 2939 corporis
1029 2863 1143 2938 inplet:
1226 2864 1228 2867 ’

363 2972 434 3028 nam
450 2957 530 3020 lucis
546 2961 681 3036 genitor,
700 2961 787 3023 vorbi
803 2965 900 3036 sator,
919 2964 1030 3022 auctor
1045 2963 1077 3020 et
1091 2958 1188 3034 ignis,
1213 2997 1216 3002 -

203 3157 206 3164 ⁴
276 3145 300 3194 q,
320 3137 498 3182 nlomorotum
513 3132 533 3180 Α
548 3131 568 3181 0
583 3130 661 3183 Laur.
676 3149 694 3181 α
707 3147 722 3182 a
737 3133 787 3182 bnt
800 3149 834 3194 n,
854 3137 1035 3182 memoratum
1048 3138 1091 3182 est
1102 3130 1176 3194 Prag.
1192 3129 1252 3180 ilat.
1267 3130 1314 3179 21n
1333 3128 1406 3179 Siclr.

275 3194 332 3248 tres'
343 3197 418 3249 Fabr.
435 3197 489 3252 Gis.
504 3199 602 3250 Weilz.
618 3201 694 3250 Chor.
709 3200 791 3252 Poett.
807 3203 901 3251 Amslr.
916 3203 1005 3250 Areu·
1102 3201 1145 3250 48.
1164 3199 1260 3250 Induit
1271 3199 1350 3247 Lanr.

344 3269 385 3318 54.
407 3270 556 3319 simulabat
569 3270 586 3318 ll
601 3269 634 3320 W
647 3271 758 3336 (supra),
772 3271 817 3320 sed
830 3271 938 3320 alterius
951 3284 1036 3333 ntann,
1050 3284 1138 3333 margo
1151 3269 1227 3318 trium
1241 3267 1312 3317 stela.

309 3338 350 3386 55.
371 3345 474 3388 santam
490 3339 551 3388 Bon.
566 3338 646 3390 Laur.
661 3356 686 3398 u,
701 3344 807 3406 sontum
818 3344 885 3404 (gon.
901 3340 997 3398 contr.)
1009 3339 1068 3389 did.
1083 3337 1164 3402 Lugd.
1179 3333 1408 3390 spinositate.

275 3405 330 3456 Gis.
351 3405 428 3456 Chor.
448 3405 532 3458 Poett.
553 3405 622 3474 [Cir.
637 3407 666 3458 C.
682 3406 711 3471 V,
726 3408 768 3458 31.
794 3408 825 3458 Α.
843 3408 884 3457 73.
912 3407 940 3457 Ρ.
956 3406 999 3470 lll,
1015 3409 1058 3458 47.
1085 3407 1112 3456 S.
1129 3403 1266 3472 ll,1039].

343 3477 384 3525 57.
405 3476 498 3526 alebat
509 3477 570 3526 Bou.
677 3477 718 3527 di.
737 3475 934 3538 including.
1046 3477 1089 3527 62.
1110 3475 1263 3526 Luxuriam
1275 3488 1291 3523 a
1304 3487 1319 3538 q
1333 3470 1408 3522 sled.

275 3541 326 3613 ill
345 3546 406 3607 (non
420 3543 467 3608 lll)
486 3543 562 3594 Fabr.
578 3544 724 3596 Gis..Chor.
740 3543 823 3595 Poett.
838 3546 949 3607 Amstr.;
968 3549 1056 3611 iurgia
1069 3544 1126 3596 did.
1149 3543 1230 3606 Lngd.
1245 3550 1271 3592 ct
1284 3539 1411 3592 fortassis

274 3611 551 3681 acumgl.pcccotio.
658 3616 700 3664 63.
720 3615 865 3664 nudosa..
942 3613 1187 3679 damnationes.
1294 3611 1411 3661 65.01·r-

275 3695 335 3728 olom
348 3679 505 3744 lild.Lngd.
611 3682 653 3733 68.
669 3684 1006 3749 ortoserila330rmcota
1020 3682 1080 3732 ast
1128 3680 1364 3732 '72.Numcm.

302 3893 305 3900 Ι
326 3834 369 3882 55.
384 3834 500 3900 centnm]
516 3835 667 3898 ltxod.3‚2,
684 3835 731 3886 cir.
744 3836 771 3886 S.
784 3836 816 3901 ll,
914 3839 956 3888 65.
976 3852 1077 3902 magno
1095 3834 1196 3900 inpete]
1222 3833 1272 3884 Ον.
1295 3830 1360 3882 Met.
1381 3831 1409 3892 3,

276 3902 350 3963 1039,
367 3901 393 3951 Ρ.
407 3901 450 3966 ill,
466 3905 508 3966 ll,
531 3909 560 3954 d.
576 3905 624 3963 29,
647 3905 727 3954 elom.
745 3906 814 3956 Rom.
862 3905 893 3954 79
912 3907 1014 3971 lmpcte
1037 3910 1220 3966 conuocato,
1241 3902 1291 3952 Sil.
1313 3900 1346 3950 lt.
1364 3901 1409 3960 13,

273 3969 333 4033 ΧΧ,
349 3972 363 4021 6
383 3965 445 4037 οὐχὶ
464 3970 493 4022 δὲ
507 3974 634 4036 Μωϋσῆς
652 3967 735 4031 αὐτὸς
747 3969 817 4057 σὰρξ
860 3975 1092 4040 248'praccursuc
1106 3976 1220 4038 impeta,
1241 3969 1309 4021 Geli.
1324 3967 1360 4019 ll.
1376 3972 1408 4018 A.

273 4029 312 4091 ὢν
324 4040 364 4096 εἰς
375 4041 511 4105 μέγιστον
524 4037 632 4106 ἐτράπη
645 4042 713 4108 φῶς,
728 4037 765 4101 ὡς
796 4043 815 4108 ἠ
858 4041 932 4106 ΧΙΧ,
946 4046 971 4106 l,
983 4046 997 4093 l
1009 4059 1107 4108 magno
1118 4045 1218 4108 impeta
1231 4055 1275 4106 pro
1289 4043 1410 4104 impetu.

273 4106 427 4173 δυνηθῆναι
455 4105 519 4167 τούς
540 4105 615 4168 υἱοὺς
637 4105 746 4177 Ἰσραὴλ
768 4128 816 4164 αν·
910 4113 952 4163 67.
984 4114 1036 4162 Por
1054 4115 1219 4176 sanguineos
1235 4110 1356 4173 fruetus
1382 4109 1413 4154 et

274 4179 403 4243 τιβλέψαι
423 4174 518 4243 αὐτῷ,
538 4180 632 4245 πολλῷ
648 4170 697 4232 οὖν
703 4182 814 4260 μᾶλλον
855 4197 938 4244 poma
959 4187 1074 4232 cruento
1096 4181 1200 4232 Christi
1217 4180 1313 4244 passio
1327 4177 1412 4240 figu-

271 4242 363 4304 ὁθεὸς
384 4243 484 4299 ἑαυτὸν
497 4249 623 4313 τρέπειν,
643 4249 682 4307 εἰς
694 4242 708 4300 ὃ
720 4244 812 4314 dorila-
857 4252 974 4302 rodatur
990 4251 1025 4314 gl.
1040 4265 1066 4299 a.

272 4332 331 4375 rol,
349 4311 544 4376 dovaoo'row'c
556 4317 639 4370 ἐστιν,
908 4321 948 4370 ld.
970 4317 1026 4368 dtr.
1043 4317 1134 4379 dalll,
1153 4318 1174 4364 l.
