2994 4826
289 295 351 360 134
653 293 728 347 nun.
745 291 923 346 rnuuuuru
940 289 1044 348 ctum.

374 483 436 546 beu
451 484 531 546 male
545 483 699 546 lustratae
713 479 953 559 Phlegethontia
970 483 1095 544 victima
1112 477 1249 546 Romae!

374 577 458 642 Nam
474 579 546 655 quib
563 579 671 640 vesani
688 579 746 640 sibi
761 579 830 640 vult
842 591 894 640 ars
909 578 992 654 lupia
1007 577 1083 655 tutti,

375 675 447 750 puitl
465 679 580 738 mortes
596 675 754 750 iuvenum,
773 675 845 750 quit
863 675 1017 752 salignine
1032 679 1122 752 pasta
1138 675 1293 752 voluptas,

374 771 446 845 puto
463 772 566 847 pulvis
582 785 696 833 caveae
712 785 833 847 semper
849 769 990 858 funebris
1004 775 1036 832 et
1050 769 1104 833 illa
1148 805 1153 808 -

289 877 340 926 aas
373 866 640 942 amptitteatratts
656 867 834 945 spectacula
850 867 954 929 tristia
970 867 1120 944 pompae?

373 954 494 1035 Nempe
510 956 636 1042 Cbaron
652 961 770 1037 tuguriis
788 963 970 1023 miserorum
986 975 1021 1022 sc
1037 963 1115 1024 tuce
1130 961 1242 1038 dignas

375 1057 488 1132 accipit
503 1057 635 1119 lutetias
651 1057 792 1133 placatus
809 1057 939 1119 crimine
953 1069 1054 1117 sacro.

375 1148 441 1211 ilae
457 1154 531 1211 sunt
547 1151 675 1211 deliciae
690 1147 774 1213 lovis
789 1151 964 1225 triennalis,
982 1151 1014 1211 in
1030 1152 1101 1214 istis

373 1247 491 1308 arbiter
505 1247 631 1308 obscuri
646 1247 787 1323 plaeluus
804 1245 969 1322 requiescit
983 1245 1114 1310 Averni.

288 1349 339 1400 aso
371 1334 486 1399 Nonne
501 1339 596 1414 putet
610 1354 717 1417 regem
732 1340 879 1417 populum
896 1340 1089 1417 sceptrisque
1104 1343 1259 1416 potentem

373 1435 449 1495 talia
464 1448 519 1510 pro
536 1437 654 1511 patriae
671 1447 799 1498 censere
814 1435 931 1497 litantia
948 1433 1059 1510 salute,

373 1527 547 1604 relligionis
563 1544 651 1605 opem
668 1529 826 1593 subternis
841 1543 970 1607 poscere
985 1527 1022 1588 ab
1038 1527 1160 1588 antris?

372 1618 505 1699 Evocat,
524 1621 603 1700 beu‚’
615 1625 722 1700 paenis
738 1626 904 1686 tenebrosa
919 1635 959 1684 ex
975 1623 1047 1682 seue
1063 1621 1239 1682 ministrum

372 1717 532 1794 interitus,
552 1721 692 1795 speciosa
708 1719 867 1782 bominum
883 1720 933 1781 etti
951 1719 1058 1780 lunera
1076 1715 1179 1776 tonet.

288 1821 338 1872 ass
353 1841 358 1846 -
372 1807 535 1872 incassum
551 1823 685 1890 angorem
701 1815 761 1874 iam
779 1812 917 1876 Taurica
932 1822 1022 1874 sacra
1038 1809 1192 1871 solemus:

372 1909 515 1971 funditur
529 1911 684 1972 numanus
700 1908 820 1974 Latiari
834 1911 867 1972 in
885 1919 1012 1972 munere
1028 1906 1171 1982 sanguis,

372 2019 602 2082 consessusque
616 2006 670 2068 ille
685 2009 880 2082 spectantum
897 2003 992 2066 solvit
1007 2001 1044 2062 ab
1060 2011 1146 2060 aram

371 2097 514 2162 Plutonis
531 2103 597 2163 iera
612 2105 686 2163 vota
701 2100 763 2164 sui.
789 2098 870 2182 Quiri
888 2097 1027 2162 sanctius
1044 2109 1110 2171 ara,

372 2210 453 2272 quae
469 2198 545 2259 bibit
561 2201 703 2274 egestum
720 2209 776 2274 per
790 2199 926 2274 mystica
940 2193 1003 2256 tela
1020 2191 1184 2253 cruorem?

286 2303 337 2351 too
370 2290 462 2351 Anne
478 2287 554 2352 lites
570 2290 661 2353 dubia
677 2295 727 2355 est
741 2291 809 2368 tibi,
828 2292 886 2352 sub
902 2287 1037 2364 callgine
1053 2297 1145 2346 caeca

373 2398 444 2444 esse
461 2381 572 2462 Deum,
591 2399 682 2460 quem
698 2387 734 2446 tu
750 2385 856 2446 tacitis
874 2383 999 2446 rimeris
1013 2383 1046 2443 in
1063 2381 1203 2443 umbris?

370 2491 442 2538 ecce
459 2477 533 2538 teos
547 2475 660 2540 Manes
676 2493 733 2540 cur
747 2478 899 2539 inliciatis
915 2477 1044 2539 baberi?

371 2568 444 2648 Ipsa
459 2577 582 2650 patrum
598 2579 797 2638 monumenta
814 2573 958 2651 probant,
976 2573 1024 2635 ‹lis
1040 2570 1188 2635 Manibus
1203 2569 1269 2632 illic

354 2727 415 2778 331.
434 2728 570 2778 lustrante
589 2729 682 2793 Prag.‚
702 2731 822 2781 lustrata
836 2747 863 2781 u.
987 2729 1046 2779 382.
1066 2728 1120 2780 Sed
1133 2731 1183 2792 qui
1194 2726 1214 2777 11
1227 2727 1262 2789 P,
1287 2725 1339 2778 Sea
1349 2721 1404 2788 quid

285 2797 355 2859 Aa,
376 2797 414 2846 Et
425 2797 491 2848 coni.
508 2795 572 2847 ubb.
713 2799 775 2848 383.
794 2814 882 2849 mores
904 2797 962 2848 art.
978 2798 1060 2862 Lugd.
1075 2795 1171 2860 Grang.
1186 2816 1193 2860 3
1208 2801 1293 2862 parta
1306 2809 1335 2858 a,
1348 2793 1404 2842 idem

285 2865 353 2914 coni.
367 2865 437 2930 tipo.
452 2865 517 2929 1.1.,
532 2872 618 2932 pacta
630 2868 665 2916 al.
680 2883 721 2934 up.
738 2868 845 2931 Grang.,
860 2867 905 2917 scd
919 2866 968 2918 cfr.
985 2867 1014 2917 C.
1030 2866 1075 2930 111,
1092 2868 1150 2918 161.
1232 2865 1404 2916 3811111111

285 2949 365 2984 sacro
379 2933 400 2982 n
414 2951 458 2998 pro
471 2935 524 2985 div.
539 2935 626 3002 script.
643 2937 757 3000 Caucb„
777 2941 912 3002 sanguiue
924 2951 1003 2986 sacro
1016 2951 1040 2986 a.
1182 2934 1242 2984 389.
1269 2935 1403 2985 obscuro...

286 3003 393 3053 Auerno
415 3001 436 3052 R
454 3003 513 3054 Ait.
537 3003 618 3067 Lagei.
760 3007 818 3056 396.
838 3007 970 3070 papulum
983 3005 1004 3054 T
1022 3007 1059 3054 iu
1081 3005 1125 3054 lm
1140 3020 1156 3053 u
1171 3003 1257 3053 Heius.
1272 3002 1336 3053 Cell.
1349 3001 1403 3050 Ans.

286 3074 381 3134 Aram,
406 3072 516 3138 papulis
535 3073 575 3122 2α
588 3087 602 3123 u
617 3074 674 3126 allel.
697 3075 777 3139 Luget.
800 3075 870 3124 stet.
880 3083 934 3124 tres
955 3075 1031 3124 Fabr.
1047 3073 1102 3123 Gis.
1125 3071 1221 3135 Grung.
1237 3072 1315 3122 Cbor.
1331 3071 1403 3120 Paeti.

285 3142 381 3192 Amstr.
398 3141 476 3203 bib,
493 3143 592 3208 popula·
615 3145 678 3207 tm,
697 3145 801 3209 populo
815 3143 891 3207 Prag.
908 3143 965 3194 liat.
981 3143 1077 3194 Weita.
1173 3142 1232 3191 391.
1244 3143 1340 3205 patria
1352 3154 1375 3188 u.

354 3210 414 3261 392.
433 3212 481 3260 sub
496 3215 581 3262 terris
595 3211 690 3264 Weita.
706 3229 750 3278 pro
761 3214 813 3262 oliv.
829 3213 889 3262 lect.
995 3213 1056 3262 391.
1070 3214 1196 3276 spaciosa
1210 3227 1228 3259 α
1242 3212 1303 3274 (non
1313 3207 1404 3267 bunnia

276 3280 383 3343 funera
397 3280 480 3330 donat
491 3281 511 3330 11
521 3279 541 3330 E
551 3279 585 3330 lP
597 3283 654 3332 cod.
669 3282 765 3332 Caucb.
781 3283 857 3332 Laur.
873 3297 889 3330 n
900 3298 933 3344 u,
948 3282 1042 3332 densat
1055 3280 1112 3329 coni
1124 3279 1190 3328 ubb.
1261 3281 1320 3330 395.
1334 3289 1404 3327 aaaaa

284 3352 393 3399 taurina
408 3348 482 3412 Pras.
491 3387 499 3412 ,
515 3350 661 3402 lamturiaa
677 3351 730 3400 im.
816 3351 875 3401 396.
892 3350 985 3401 latiali
998 3367 1013 3400 u
1027 3350 1086 3398 alu.
1100 3348 1170 3398 Sieb.
1180 3357 1232 3399 tres
1245 3347 1300 3400 Gis.
1315 3348 1323 3397 1
1338 3345 1404 3396 Febr.

284 3415 381 3482 Grang.
397 3419 475 3468 (litor.
490 3418 572 3469 Poett'.
589 3420 697 3480 Amata„
718 3421 814 3469 laciali
826 3418 907 3483 Luget.
1013 3419 1074 3469 391.
1092 3420 1289 3484 Concursusque
1300 3418 1331 3476 Α,
1347 3416 1406 3465 Coa·

283 3503 421 3550 scaenaque
442 3486 555 3552 usupra
578 3487 790 3552 Contactusque,
819 3489 1018 3552 Caucaseaeque
1039 3487 1075 3551 P,
1104 3488 1300 3553 Causaasusque
1321 3482 1405 3547 tagl„

285 3555 490 3674 Οοηεὲεῧὲνκὶἰὶσ
503 3556 581 3620 Geli,
594 3557 697 3624 Illoque
710 3573 847 3607 cupressus
862 3557 920 3608 nat.
935 3556 1040 3623 priorib.
1055 3556 1128 3618 abr.;
1148 3561 1301 3622 spaciatum
1317 3556 1361 3604 iu.

404 3662 410 3673 .
451 3642 484 3674 us
497 3643 523 3675 u.

332 3779 392 3828 399.
414 3777 469 3828 Cir.
486 3777 555 3842 virg.
576 3778 641 3829 nen.
665 3779 684 3842 1,
706 3781 736 3830 21
760 3781 827 3830 Hinc
870 3777 958 3842 XXX,
979 3783 1010 3843 4,
1034 3780 1128 3848 Hygia.
1149 3780 1214 3842 1211,
1245 3777 1361 3828 Cassiod.
1380 3774 1407 3837 V,

279 3848 580 3964 {anulumlateregem
602 3849 826 3916 taliaqueaupar-
869 3850 954 3968 42ὲ96
985 3917 1108 3985 Latiari]
1129 3915 1229 3967 Tem„
1263 3915 1360 3979 ΗΜ
1381 3913 1407 3963 9.

349 3955 354 3964 ’
869 3987 937 4038 Ecce
956 3955 983 4037 1η
1003 3989 1212 4051 religiosissima
1233 3933 1300 4035 11119
1315 3949 1410 4036 Aeaea

316 4055 376 4103 aba.
396 4053 513 4104 Taurica
523 4052 615 4120 sacra]
629 4056 742 4120 „quibus
753 4055 826 4104 borno
871 4055 969 4106 darum
982 4056 1105 4123 luppiter
1120 4062 1162 4106 cat
1182 4056 1292 4122 quietam
1307 4053 1409 4119 (Latia-

282 4123 375 4188 itospes
388 4123 484 4174 titanae
495 4121 622 4173 Tauricae
635 4125 825 4175 immolabatur.
871 4129 936 4189 ris),
962 4143 1038 4192 quem
1058 4125 1129 4176 laedis
1147 4128 1205 4174 auia
1222 4126 1342 4174 tuniano
1352 4135 1411 4188 pro·

282 4192 330 4241 Ov.
353 4192 433 4242 Trist.
450 4191 491 4254 tu,
507 4195 532 4253 1,
547 4193 590 4242 63.
611 4191 724 4242 (laesura
743 4195 768 4242 in
782 4209 827 4242 aa·
871 4193 1111 4259 luuntsangua'uc,
1130 4194 1160 4242 de
1173 4197 1283 4258 spectac.
1301 4191 1333 4253 6,
1354 4190 1409 4240 iliu.

279 4277 364 4325 guara
388 4267 441 4311 iam
472 4261 595 4327 exemplis
621 4263 713 4311 notn.“
748 4263 825 4326 cett,
872 4259 927 4312 ret.
951 4264 967 4313 Ι.
984 4264 1018 4326 1.,
1043 4264 1116 4313 Laut.
1139 4262 1158 4325 1,
1179 4263 1221 4325 21,
1237 4262 1268 4326 3,
1294 4261 1350 4310 cte.
1371 4273 1410 4325 prro

282 4330 347 4379 adde
376 4329 463 4381 iuven.
491 4327 554 4394 XV,
586 4331 648 4387 tlt,
680 4328 741 4380 min.
769 4330 824 4380 ret.
872 4330 959 4382 Milon.
975 4331 1075 4398 xxxi,
1089 4332 1132 4385 86.
