3018 4826
492 327 775 381 Punlsnuuunuoli
795 331 825 381 ll.

336 525 581 587 clarissimorum
596 523 740 588 iuuenum.

401 613 542 680 Vitiatus
559 617 630 678 olim
646 619 788 695 pontifex

336 712 477 774 adscitur
490 711 523 772 ln
540 711 664 788 signum
681 713 797 789 cuneis,

336 808 505 884 aedemque
520 804 673 870 Laurenti
688 813 773 872 tuam
884 843 886 858 =
917 809 919 816 ’

338 898 477 965 Vestalis
494 903 593 964 lntnat
609 898 751 966 Claudia.

401 992 428 1058 0
446 999 494 1058 ten
508 1000 682 1074 quaterque
697 1003 729 1060 et
744 999 858 1076 septies

335 1090 445 1152 beatus
460 1090 547 1152 urbis
562 1092 677 1169 incola,

335 1185 388 1261 qui
403 1188 435 1246 te
450 1200 487 1246 ae
501 1189 626 1248 tuonum
643 1189 807 1250 conminus

336 1279 439 1341 sedem
455 1279 594 1341 celebrat
607 1293 753 1343 ossuum:

398 1375 447 1437 eui
464 1378 590 1452 propter
605 1377 729 1438 advolvi
743 1375 829 1453 lieet,

334 1471 388 1546 qul
404 1469 528 1531 lletilous
544 1473 665 1548 spargit
680 1473 793 1549 locum,

334 1565 388 1641 qui
404 1568 512 1640 peetus
529 1566 560 1626 in
576 1569 692 1627 tenram
709 1567 831 1642 premit,

335 1658 389 1734 qui
404 1660 477 1717 vota
494 1657 597 1720 lundlt
611 1670 782 1722 murmure.
906 1735 908 1742 y

397 1751 467 1817 Nos
482 1752 587 1819 Vaseo
603 1750 741 1815 Hiberus
757 1752 869 1815 dividit

336 1849 417 1910 dinis
432 1852 568 1911 remotos
583 1846 715 1924 Alpibus

334 1947 422 2006 trans
439 1939 657 2007 Cottianorum
672 1944 759 2020 iuga,

333 2043 422 2101 inens
438 2044 470 2100 et
485 2037 627 2117 Pyrenas
644 2038 821 2116 ninguidos.

419 2131 482 2198 Vix
499 2135 581 2195 lama
597 2137 669 2195 nota
686 2137 746 2210 est,
769 2133 882 2194 abditis

334 2241 425 2304 quam
442 2229 532 2304 plena
548 2229 666 2290 sanetis
682 2226 781 2290 lloma
798 2227 851 2305 sit,

334 2339 427 2401 quam
444 2325 531 2386 dives
547 2327 700 2387 ultanum
717 2324 818 2386 solum

334 2420 432 2481 saenis
449 2419 602 2495 sequioris
619 2419 739 2480 norem.

398 2510 459 2576 Sed
475 2515 528 2590 qui
545 2527 687 2576 commus
703 2515 752 2576 nis
768 2513 870 2588 ionis,

332 2625 389 2672 neo
406 2609 571 2686 sanguinis
588 2611 722 2686 vestigia

148 2806 210 2857 527.
233 2805 386 2872 Eodemque
397 2807 434 2858 ad
445 2807 626 2859 Laurentium
639 2824 672 2859 m.
785 2808 844 2858 528.
866 2807 976 2859 claudio
989 2826 1007 2858 α
1021 2823 1035 2858 ιι
1050 2808 1064 2858 b
1078 2823 1100 2858 m
1117 2825 1130 2874 q
1144 2809 1184 2876 2q
1197 2827 1214 2862 u

76 2875 137 2928 sid.
153 2874 258 2939 Ligu,
277 2877 416 2928 claudiam
434 2877 441 2926 l
456 2894 470 2944 q
483 2877 619 2927 adieeiive.
729 2877 790 2928 529.
810 2882 837 2928 at
857 2883 975 2942 septiens
996 2879 1050 2942 lo,
1076 2896 1091 2928 o
1111 2883 1214 2944 septies

76 2945 156 2996 Faba.
174 2943 231 2994 Gis.
255 2943 331 2994 Cher.
345 2943 428 2996 Poett.
553 2946 612 2995 531.
634 2951 841 3011 depromentem
856 2946 898 2998 1n
913 2947 931 2996 lt
947 2946 964 2996 P
983 2947 1043 3012 (alt.
1058 2948 1088 3000 ad
1104 2949 1214 3012 ooam)a

76 3014 122 3076 (ad
139 3028 227 3063 oram:
243 3013 296 3063 olii
308 3016 409 3065 dedant
419 3031 452 3065 ae
466 3016 588 3078 totorum)
602 3029 616 3080 p
630 3033 646 3064 ιι
659 3015 714 3065 Aet.
731 3015 820 3066 Sauet.
936 3015 996 3066 532.
1017 3017 1085 3067 Sede
1099 3015 1134 3081 ll3
1156 3033 1214 3067 aas

75 3083 206 3134 ledradot
219 3097 251 3146 α,
267 3083 404 3134 celebrant
417 3085 427 3134 l
439 3084 469 3146 δι
490 3088 589 3134 ossium
605 3085 650 3132 bm
666 3085 722 3134 ult.
734 3083 816 3148 Lugd.
833 3083 903 3136 siet.
913 3092 966 3134 ines
981 3083 1056 3136 Faba.
1070 3083 1125 3135 Gis.
1137 3085 1213 3134 Chen.

75 3151 164 3202 Poett.
181 3152 276 3202 Amstn.
412 3153 472 3204 533.
494 3152 548 3218 Qui
557 3157 672 3220 propiet·
685 3170 711 3202 ιι.
844 3153 903 3204 535.
924 3152 1214 3220 aspectusAa(snpoa

74 3221 209 3287 ipatius)
221 3237 235 3286 p
249 3235 284 3284 u,
304 3220 448 3288 adspectus
462 3222 528 3272 eoni.
545 3221 609 3271 Obb.
724 3223 785 3273 536.
805 3237 962 3274 marmurae
975 3222 1052 3280 Pae,
1072 3237 1214 3271 moia-mmm

75 3290 169 3341 Heius.
186 3287 277 3340 Clam.
293 3287 358 3340 Cell.
442 3291 503 3343 537.
517 3305 619 3341 aeasasoo
633 3307 666 3357 p3
681 3291 792 3342 Hiberos
806 3291 884 3340 llltin.
897 3289 992 3341 Cameli.
1006 3291 1082 3340 Cion.
1095 3289 1176 3339 Poett.

110 3359 174 3410 538.
197 3362 301 3409 remoto
314 3358 351 3423 Α,
372 3363 485 3410 renuetis
499 3360 509 3409 l
522 3358 552 3411 lt.
677 3359 736 3412 539.
757 3363 932 3410 aetianorum
951 3375 967 3408 n
986 3358 1045 3408 nid.
1059 3357 1143 3420 Lugd.

147 3427 210 3477 540.
230 3431 377 3492 ninguinos
390 3427 426 3493 n,
447 3428 576 3494 singidos
589 3429 685 3480 Amstr.
700 3427 779 3479 Char.
794 3426 879 3478 Poett.

127 3599 191 3648 527.
208 3597 363 3666 aedemque]
376 3599 548 3662 ,medicalem
562 3599 631 3650 Lan·
669 3616 755 3665 genua
770 3598 869 3650 Clauso
882 3599 1021 3664 reserabat
1031 3601 1063 3648 ad
1077 3598 1150 3662 alio,
1166 3599 1213 3650 Sil.

73 3666 156 3718 rentii
169 3668 289 3732 sepnlono
304 3670 454 3734 appositam.
476 3667 547 3734 Quod
562 3670 629 3718 enim
674 3667 753 3731 xvii,
767 3668 809 3716 34.
826 3667 873 3718 lita
884 3675 969 3719 aulam
980 3673 1061 3718 lotum
1070 3666 1214 3719 Vestalium

72 3739 106 3788 ad
118 3744 266 3803 martynum
276 3738 394 3802 sepulcra
406 3737 514 3787 arabant
526 3746 628 3788 veteres
671 3745 769 3786 coetum
784 3743 962 3802 repraesentat
975 3737 1077 3787 iamiam
1085 3736 1214 3788 Christum

72 3805 240 3867 Christiani,
261 3806 338 3855 stiam
360 3807 474 3856 oratoria
493 3814 519 3857 et
531 3807 627 3857 saeella
672 3805 854 3858 confitentium.

73 3876 109 3925 ibi
132 3873 241 3925 inerunt
259 3875 394 3925 condita.“
415 3874 479 3926 cett.
513 3875 563 3925 Sed
577 3876 627 3924 iam

73 3943 269 3994 Constantinus
286 3942 312 3995 S.
335 3943 475 3996 Laurentio
494 3943 626 3995 basilicam
722 3945 782 3994 536.
811 3942 895 3993 liliam
920 3940 1074 3994 Franciseus
1097 3959 1111 3994 a
1137 3943 1215 3994 Puteo

71 4016 96 4062 in
112 4027 179 4077 agno
196 4011 300 4062 Veneno
320 4013 626 4065 aedificandameunavit.
670 4027 811 4064 neormam
834 4012 897 4076 legit
923 4011 1103 4078 explicatque:
1131 4012 1215 4074 „Heio

71 4082 132 4132 vid.
149 4082 183 4130 ad
197 4079 246 4143 xl,
261 4081 321 4131 215.
587 4084 592 4092 “
669 4089 731 4133 voto
750 4094 880 4132 murmura
908 4079 974 4130 dixit
994 4096 1039 4146 pro
1058 4085 1160 4141 uotiua,
1186 4087 1215 4130 nt

125 4151 191 4202 528.
208 4148 335 4216 Claudio]
342 4151 457 4215 semilis
470 4157 531 4202 erat
544 4167 627 4215 quas-
669 4166 746 4217 supra
760 4155 838 4200 onias
849 4165 912 4215 onas
924 4148 960 4215 [v.
969 4148 1034 4213 41];
1052 4149 1138 4214 itaque
1151 4153 1215 4198 oeta

70 4221 155 4284 dam,
184 4233 257 4283 quae
282 4219 391 4270 Vestam
417 4220 494 4270 doum
519 4221 627 4271 adistat
669 4233 814 4270 murmura
833 4219 979 4280 significant
998 4217 1099 4266 votivas
1119 4217 1215 4266 ouatio-

67 4290 105 4354 gl.
122 4304 149 4340 a.
171 4287 212 4337 Aa
225 4286 298 4337 illam
310 4286 444 4338 Claudiam
463 4290 579 4356 inspicit,
595 4290 626 4340 de
671 4305 731 4352 nas,
742 4291 745 4300 '
757 4304 803 4338 seu
824 4303 913 4353 pasees
930 4286 996 4337 votis
1016 4285 1105 4352 plenas
1125 4293 1215 4336 saneto

67 4373 121 4424 qua
133 4357 186 4408 0v.
197 4354 269 4407 Fast.
281 4354 323 4419 lV‚
333 4356 383 4407 305
395 4357 513 4409 Claudia
525 4358 627 4424 Quinto
670 4358 779 4422 martyri
796 4356 936 4406 Laurentio
950 4355 1142 4420 nuoeupnlas.“
