3020 4832
605 279 682 332 ndu.
698 279 879 332 PRUDENTH
894 279 997 334 CLEM.

327 468 455 545 praenes
469 468 592 530 damme
608 468 686 544 dies,
705 468 787 528 texit
802 467 849 528 331
865 469 977 530 331333
992 483 1128 532 3333131

328 562 443 639 triplex
460 564 513 624 iiie
529 567 634 624 tamen
650 563 737 625 33113
754 563 933 625 discrimine
947 565 1030 636 trina

329 659 484 722 subnixus
500 661 622 721 ratione
637 661 735 736 viget,
753 661 906 738 splendet,
924 662 1020 739 votat,
1039 664 1138 740 ardet,

331 757 416 814 motu
432 755 549 829 egitur,
568 755 691 816 fervore
707 758 836 830 cremat,
854 758 920 816 tum
937 755 1055 819 lumine
1071 757 1183 834 fuiget.

240 859 254 877 ⁸
326 843 408 910 Sunt
423 849 482 908 tria
499 863 609 924 nempe
625 848 730 924 simui,
749 848 804 909 iux
821 853 853 910 31
868 849 953 910 33133
968 854 999 910 31
1015 855 1210 927 vegetamen,

218 1013 222 1022 ¹
325 958 389 1005 333
404 943 571 1018 eademqne
587 947 691 1004 tamen
707 946 776 1004 rota
792 943 905 1004 sideris
920 944 1099 1008 indiscretis

325 1039 469 1113 iungitur
483 1038 544 1112 iris,
563 1050 625 1098 nno
641 1040 747 1098 seruet
762 1040 809 1096 tot
825 1051 954 1099 munera
972 1040 1080 1118 ductu,

324 1137 355 1192 et
370 1132 472 1194 tribus
487 1146 549 1192 333
566 1133 675 1192 subest
690 1131 812 1192 mixtim
828 1133 1003 1194 substantia
1019 1136 1124 1197 renus.

323 1224 397 1289 Non
414 1227 556 1286 conterre
572 1224 638 1286 Deo
653 1227 740 1286 vetut
755 1226 988 1302 aequiparabile
1004 1231 1172 1305 quidquem

324 1320 426 1380 ausim
443 1333 499 1379 nee
518 1317 648 1380 Domino
665 1319 816 1380 famulum
832 1333 1006 1395 conponere
1021 1322 1166 1396 signnm:

327 1430 366 1476 ex
383 1415 520 1476 minimis
536 1415 589 1474 sed
606 1415 725 1490 grande
741 1427 832 1475 snum
849 1414 950 1475 voluit
965 1412 1060 1477 Pater
1074 1417 1142 1492 ipse

328 1512 503 1572 coniectare
519 1511 671 1583 nomines,
690 1509 804 1583 quinus
820 1510 918 1569 ardua
933 1512 1036 1572 visere
1053 1528 1114 1576 non
1130 1517 1190 1575 est.
1244 1533 1247 1538 ·

330 1603 502 1666 Parvorum
520 1603 647 1678 speculo
663 1619 725 1664 non
742 1604 902 1665 intellecta
917 1610 1073 1680 notamus

323 1703 355 1760 et
370 1700 461 1759 datur
477 1697 632 1758 occultum
649 1711 705 1772 per
719 1698 861 1771 proxime
879 1712 1030 1774 quaerere
1046 1714 1166 1764 verum.

323 1788 425 1852 Nemo
440 1791 519 1850 dnos
536 1788 631 1864 soles,
650 1789 711 1850 nisi
727 1791 785 1850 sub
800 1790 1009 1868 glaucomate,
1027 1791 1126 1869 vidit3

324 1884 421 1945 33131
440 1885 528 1945 tusca
544 1883 648 1959 polum
666 1885 797 1944 sntfudit
812 1885 893 1960 palia
910 1899 1068 1962 serenum,

324 1979 484 2054 oppositus
501 1979 645 2052 quotiens
662 1979 820 2040 radiorum
837 1980 957 2054 spicula
973 1980 1097 2042 nimbus

323 2072 398 2147 igne
413 2085 599 2147 repercusso
615 2072 762 2133 mentitos
779 2073 900 2148 spargit
914 2073 947 2133 in
964 2075 1067 2135 ortes.

324 2163 405 2229 Sunt
420 2167 533 2228 animis
549 2168 641 2228 etiam
659 2183 717 2229 sua
732 2169 839 2230 nutrita
855 2183 983 2230 crassus
1000 2175 1032 2230 et
1046 2185 1117 2232 aer:

324 2265 374 2322 est
387 2260 564 2336 glaucoma,
582 2261 679 2322 aciem
697 2263 778 2336 pund
794 2263 932 2337 tegmine
948 2263 1032 2324 velat
1046 2277 1177 2340 aquoso,

328 2357 425 2417 litera
441 2370 480 2416 ne
492 2359 634 2417 tenerum
647 2359 789 2430 penetret
804 2357 963 2418 meditatio
979 2357 1112 2437 ceolum,

324 2467 402 2512 neve
418 2449 518 2512 Deurn
535 2451 652 2526 rapidis
669 2452 860 2527 conprendat
876 2452 1021 2514 sensibus
1038 2467 1145 2514 unum.

323 2543 491 2622 Spargitur
505 2546 537 2606 in
555 2546 664 2606 nitidas
681 2547 840 2608 malesana
855 2547 987 2608 intentio
1002 2548 1100 2624 luces,

324 2647 356 2703 31
370 2642 510 2717 duplices
525 2643 661 2717 geminis
678 2644 858 2705 auctoribus
875 2645 994 2704 extruit
1009 2659 1092 2706 3333.

325 2733 359 2800 81
377 2737 437 2796 dno
454 2738 529 2796 sunt
543 2737 654 2812 igitur,
673 2753 730 2799 cnr
745 2754 806 2798 non
823 2742 897 2799 sunt
912 2739 1009 2799 muita
1022 2737 1161 2801 Deorum

323 2832 419 2907 milia,
439 2843 496 2891 eur
508 2844 637 2890 numero
653 2831 752 2892 deitas
769 2836 913 2893 contenta
929 2833 1063 2908 gemello
1079 2834 1149 2894 3311

322 2941 362 2987 33
378 2939 439 2985 333
455 2924 488 2983 13
504 2923 634 2998 populos
651 2924 790 3000 dispersa
806 2925 949 2986 examina
966 2926 1074 2987 divum

322 3020 454 3083 fundere
469 3023 537 3080 erat
552 3019 675 3094 meiius,
694 3020 904 3094 mundumque
918 3021 1038 3095 inplere
1053 3035 1197 3098 capacem

323 3115 468 3176 semideis
483 3113 598 3189 passim
616 3113 700 3174 nullo
717 3114 897 3175 discrimine
914 3117 1074 3194 monstris,

307 3271 349 3320 ii.
370 3272 444 3319 remit
458 3267 526 3318 Sieh.
539 3276 592 3317 tres
606 3266 682 3318 Febr.
698 3267 775 3318 Cher.
791 3267 873 3319 Poett.
890 3270 971 3335 ceu,
985 3271 1030 3320 sed
1043 3271 1095 3322 vid.
1113 3271 1141 3322 8.
1157 3269 1188 3337 ii,
1203 3272 1263 3323 991.

272 3339 316 3388 td.
334 3338 479 3388 indiscreti
490 3337 565 3399 Prag.
583 3335 640 3386 1131.
655 3351 687 3386 m.
706 3337 782 3387 Febr.
800 3336 855 3388 Gis.
871 3338 969 3390 Weitz.
985 3341 1045 3404 (non
1059 3340 1080 3390 11
1094 3340 1135 3391 Ρ1.
1260 3343 1303 3392 78.
1321 3343 1370 3392 Ex

236 3406 329 3470 Prag.;
350 3410 454 3457 mistim
469 3405 546 3456 Lanr.
561 3405 620 3455 Sieh
642 3411 695 3455 1333
708 3405 785 3455 Febr.
801 3404 878 3457 Giton.
893 3406 974 3458 Poett.
989 3409 1103 3473 131313,
1123 3413 1242 3460 mimium
1256 3427 1291 3475 α,
1315 3415 1370 3461 333·-

235 3474 475 3538 31333311111381.
524 3508 529 3516 ·
612 3474 655 3524 79.
670 3476 872 3539 aequiperabile
885 3492 902 3524 α
915 3492 938 3525 rn
952 3494 978 3526 n.
1120 3479 1163 3528 81.
1183 3493 1276 3528 verum
1289 3495 1369 3546 snpra

235 3543 366 3606 ist'gnum
380 3558 419 3606 m,
440 3559 494 3592 vnn.
510 3543 621 3593 13311333
634 3543 782 3594 3111133313.
916 3547 958 3596 86.
978 3545 1111 3612 suffundit
1123 3545 1182 3598 1131.
1196 3563 1220 3596 m
1233 3547 1304 3598 8131.
1314 3556 1370 3599 1333

234 3609 312 3659 Febr.
329 3609 382 3660 Gis.
396 3611 493 3661 Weitz.
509 3617 569 3676 (non
585 3611 704 3674 Pictor.
721 3611 804 3661 Poeit.
821 3614 930 3676 dmstr.;
946 3613 1033 3678 plaga
1048 3611 1077 3663 11.
1183 3616 1226 3666 87.
1241 3620 1369 3681 quotiens

235 3677 314 3728 Lanr.
330 3693 375 3727 33
390 3694 411 3728 nr
425 3678 542 3729 3113133.
558 3679 640 3743 0bb.,
660 3684 767 3746 quoties
782 3680 839 3730 nid.
855 3681 937 3744 Lngd.
958 3681 1181 3734 81311333113113.
1198 3683 1251 3736 Gis.
1268 3683 1366 3736 Weitz.

235 3746 313 3796 Cher.
330 3744 410 3796 Poett.
427 3750 521 3799 Amstr.
537 3747 694 3800 1131111333.
807 3749 849 3798 88.
869 3754 999 3800 meamus
1011 3751 1070 3801 did.
1087 3750 1167 3814 Lngd.
1275 3753 1319 3803 89.
1340 3761 1370 3805 31

235 3814 330 3864 aether
342 3830 368 3863 n.
455 3815 498 3865 90.
515 3816 618 3867 3313111
632 3816 688 3868 Pnt.
704 3832 759 3867 curn
774 3817 950 3869 311131131333.
965 3817 1063 3870 Weiss.
1079 3836 1123 3869 α3
1139 3819 1368 3873 8131133383113.

235 3880 291 3932 Gis.
313 3881 408 3932 Weitz.
429 3883 505 3933 Cher.
527 3883 608 3936 Poett.
631 3888 725 3936 1131313.
748 3885 832 3947 0bb.,
857 3886 927 3938 33131
946 3886 1015 3940 OW
1034 3888 1114 3939 Lnnr.
1140 3889 1213 3952 Preg.
1233 3889 1291 3940 1131.
1314 3907 1339 3941 nn
1352 3909 1369 3940 n

236 3950 325 4001 113133.
341 3951 407 4002 Geli.
421 3951 516 4016 Areu,
542 3955 623 4004 331131
634 3955 754 4004 mendose
768 3955 826 4004 nid.
841 3954 923 4019 Lngd.
1098 3959 1140 4008 91.
1161 3963 1261 4008 tetrum
1275 3975 1291 4008 3
1306 3961 1367 4009 sid.

234 4018 317 4084 Lugd.
440 4022 482 4071 93.
503 4023 630 4082 malefido
644 4022 673 4072 11.
791 4025 834 4073 95.
856 4025 926 4074 Sunt
939 4025 1013 4075 duo?
1026 4025 1126 4076 333111
1141 4025 1206 4078 Dav.
1222 4025 1276 4078 Gis.
1290 4049 1297 4087 ;
1317 4043 1370 4078 cur

234 4087 399 4140 3333333111
413 4105 430 4138 3
443 4104 458 4139 3
471 4105 495 4139 m
515 4089 586 4139 stou.
597 4098 651 4140 tres
671 4089 746 4140 113113.
770 4091 825 4142 Gis.
842 4091 938 4143 Weitz.
958 4093 1034 4144 Cher.
1057 4093 1140 4146 Peett.
1161 4095 1258 4146 Amstr.
1273 4095 1366 4147 Ciam.

233 4155 312 4207 Arev.
327 4157 404 4220 0bb.,
424 4173 474 4208 our
485 4175 536 4208 non
550 4157 736 4209 sentiuntur.
750 4158 833 4224 Lugd.
850 4159 935 4212 113133.
951 4161 1015 4214 deii.

286 4291 328 4342 86.
344 4292 435 4360 pollo]
458 4294 555 4358 nubes,
582 4296 724 4361 nubecula,
748 4302 776 4346 ut
787 4296 919 4362 palliolum
932 4299 1049 4350 mulieris
1062 4308 1244 4364 tegumentum.
