3046 4830
614 224 831 278 adoluliOStS.

248 405 307 471 Sed
325 425 394 487 nos,
412 412 465 486 qui
481 408 648 474 llominum
665 413 753 476 lituis
769 418 801 474 et
816 427 946 490 corpore
961 416 1022 478 iam
1040 419 1087 482 tis

246 505 394 582 vidimus,
412 507 491 567 ande
507 506 577 582 ilde,
596 521 669 568 mox
685 523 779 570 oarne
795 512 826 569 et
842 511 996 586 sanguine
1012 528 1129 590 eoram,

246 601 361 674 quique
376 602 586 662 voluminibus
601 605 709 664 valum
725 618 818 664 cruce
833 609 914 668 teste
929 608 1079 684 prodatis,
1126 607 1130 614 '

246 695 395 756 rimantes
413 697 527 771 digitos
544 700 701 760 costarum
718 699 751 762 in
767 700 898 762 vnlnere
914 703 1009 764 cruda
1237 719 1287 769 222

247 790 412 850 mersimus
430 793 461 850 et
477 803 621 852 manuum
639 792 709 852 visu
726 792 887 854 dubitante
902 795 1031 856 lacunas

245 887 389 959 scrutati,
408 889 570 946 aeternum
586 899 692 961 regem
709 889 914 961 eognovimus
930 886 1051 954 Iesum:

245 981 389 1041 alliurare
404 979 471 1042 lleo
486 981 614 1043 titulum
631 996 805 1056 nomenque
820 987 985 1057 paternum

244 1075 400 1135 eredimus
416 1090 486 1134 esse
503 1075 603 1148 nelos
622 1075 675 1148 qui
691 1088 798 1149 regem
813 1077 945 1151 protulit
960 1092 998 1138 ex
1015 1093 1068 1139 se:

243 1183 303 1230 non
320 1183 425 1243 regem
441 1169 545 1245 populi
561 1166 749 1231 Parthorum
765 1174 821 1230 aut
837 1167 1086 1249 Romulidarum,
1236 1187 1284 1238 aas

243 1265 295 1324 sed
313 1280 418 1339 regem
435 1278 573 1328 summae
589 1269 621 1326 et
636 1265 756 1326 mediae
773 1266 904 1326 rotimus
921 1270 953 1326 et
968 1267 1049 1330 imae

242 1364 334 1434 atque
350 1361 418 1420 ideo
434 1375 539 1424 rerum
555 1358 721 1424 Dominum
738 1365 770 1421 et
785 1374 880 1435 super
895 1364 998 1424 omnia
1013 1378 1132 1439 regem.
1195 1407 1198 1414 ,

243 1451 356 1518 Carnis
373 1455 465 1517 latet
481 1458 626 1531 medium,
645 1470 798 1519 summum
819 1453 921 1518 Petris
937 1462 969 1518 et
985 1453 1096 1535 Stygis
1113 1462 1220 1526 imum.

244 1548 359 1612 llellnit
373 1551 421 1612 iris
437 1552 586 1626 gradibus
602 1565 774 1626 rursusque
790 1552 966 1615 revolvitur
980 1554 1011 1614 in
1029 1570 1080 1616 se:

241 1647 291 1704 est
307 1641 403 1720 Deus,
422 1649 470 1706 est
485 1650 517 1706 et
532 1647 633 1720 homo,
652 1647 686 1709 iit
704 1649 844 1708 mortuus
860 1649 892 1706 et
906 1643 992 1708 Dens
1008 1648 1088 1710 idem
1106 1655 1165 1714 est.
1231 1665 1282 1716 222

242 1732 353 1798 Omnia
370 1740 524 1812 percurrit
539 1744 669 1802 naturae
686 1739 790 1803 munia
806 1753 934 1814 pronae,

241 1839 276 1894 ut
291 1848 418 1898 rursum
433 1832 539 1896 Patris
555 1835 586 1896 in
603 1836 757 1914 gremium
773 1835 923 1909 replicata
938 1841 1077 1910 reportet

239 1932 373 2003 mortua,
392 1945 471 2004 quae
489 1932 624 2006 inerant,
642 1932 726 2006 ipsos
743 1945 866 2005 qnoque
882 1932 1035 1994 subvehat
1051 1936 1151 1996 artus.

240 2019 326 2082 llaec
343 2023 410 2083 lore
426 2037 495 2084 oum
511 2029 652 2088 veterum
669 2025 859 2086 cecinissent
875 2039 993 2100 organa
1009 2030 1130 2102 vatum,

239 2133 297 2178 nos
314 2119 426 2194 oeulis,
446 2121 601 2193 monitus,
619 2135 804 2196 congressu,
822 2135 911 2196 voee,
929 2120 1051 2196 loquela
1230 2135 1280 2185 2³5

239 2213 374 2287 experti,
392 2213 520 2277 heroum
537 2216 658 2276 tandem
677 2215 890 2278 intelleximus
906 2229 979 2276 orsa

237 2307 410 2382 priscorum
428 2311 459 2366 et
474 2307 543 2368 viso
559 2309 717 2382 patelaeta
733 2308 859 2372 oracula
877 2303 1017 2370 Christo.

237 2397 323 2460 Haeo
339 2403 388 2460 est
403 2404 510 2466 nostra
526 2401 623 2475 selus,
642 2402 714 2462 lino
730 2402 878 2476 vivimus,
897 2401 969 2462 hine
985 2401 1170 2478 animamur,

237 2496 294 2555 lroo
310 2496 481 2572 sequimur,
500 2511 659 2571 nunquam
675 2499 814 2558 detracto
830 2497 954 2558 nomine
968 2493 1046 2557 Nati

235 2590 390 2664 adpellare
406 2586 543 2665 Patrem,
562 2589 666 2654 Patris
682 2595 714 2652 et
729 2591 796 2654 sino
812 2591 936 2654 nomine
952 2605 1110 2666 nunquam
1228 2603 1279 2653 aro

139 2681 158 2704 '
236 2690 349 2756 natum,
362 2701 455 2748 nosse
471 2683 589 2748 Deum:
609 2701 766 2762 nurrquam
784 2686 845 2748 nisi
863 2690 990 2746 sanetus
1007 2690 1039 2748 et
1054 2700 1136 2750 unus

234 2780 365 2854 spiritus
381 2780 515 2855 intersit,
534 2783 704 2854 natumque
720 2776 906 2853 Patremque
922 2793 1053 2840 voeare:
1072 2827 1076 2835 ,

234 2874 280 2933 sic
298 2877 398 2934 tamen
416 2874 491 2934 liaeo
507 2880 652 2934 constare
669 2876 741 2952 tria,
760 2879 793 2936 ut
811 2891 850 2936 ne
865 2891 975 2953 separe
991 2875 1085 2936 dnetn

217 3012 277 3062 218.
291 3010 428 3074 fideml'3
448 3014 579 3074 sunguine
592 3011 681 3062 cordis
695 3012 757 3060 Bon.
847 3013 905 3063 219.
930 3014 1084 3080 erinqued
1099 3012 1120 3062 E
1136 3013 1201 3076 laq
1217 3013 1276 3066 did.

145 3081 229 3143 Lugii.
246 3080 381 3130 stannes
395 3080 471 3130 cion.
487 3079 569 3148 Poett.
586 3081 646 3144 (non
660 3077 789 3147 Weiss.);
806 3084 941 3147 prolatos
953 3099 987 3132 m.
1105 3081 1166 3132 221.
1180 3081 1278 3144 „Miri-

143 3167 205 3200 mus
218 3147 329 3212 Weiss,
345 3156 373 3198 nt
386 3150 433 3199 lam
449 3149 519 3200 Cort.
536 3149 567 3198 nd
583 3149 643 3198 Lao,
661 3148 703 3200 lll.
719 3150 778 3200 ild.
800 3151 950 3214 adnotavit,
970 3152 1015 3201 sed
1028 3167 1053 3200 v.
1070 3150 1119 3200 223
1133 3149 1167 3200 do
1180 3149 1204 3198 in
1218 3151 1275 3200 eod.

144 3226 229 3282 extat,
244 3234 295 3268 non
308 3219 395 3280 deum,
410 3217 517 3269 otidum
532 3218 549 3267 l.
566 3218 583 3266 1.
598 3218 779 3268 2221211211.ιι
801 3220 863 3269 dot.
896 3225 977 3284 alque
989 3235 1100 3269 mortum
1114 3218 1190 3280 Pras.

179 3288 242 3337 222.
263 3303 352 3352 regem
365 3303 526 3337 ueneremur
541 3287 626 3336 losum
640 3285 697 3337 line.
815 3289 874 3340 223.
888 3289 974 3338 Deam
988 3288 1009 3336 Α
1023 3287 1041 3336 Ρ
1056 3302 1070 3336 2
1084 3303 1097 3351 q
1111 3303 1137 3336 n.

213 3356 277 3406 2211.
298 3371 346 3406 om.
362 3362 461 3405 etanta
474 3356 577 3405 medina
589 3371 605 3403 ιι
619 3373 626 3417 ;
646 3355 855 3420 regiaevallis„
876 3360 1004 3406 stationis
1024 3371 1055 3404 ex
1079 3355 1175 3404 lleinsii
1193 3355 1279 3404 conie-

144 3432 218 3475 21222
234 3431 388 3490 receperunt
402 3424 490 3474 Clam.
507 3424 571 3474 cell.
589 3422 658 3490 [Cir.
675 3426 806 3476 1933311.
823 3424 895 3490 553}
1010 3424 1069 3473 221.
1086 3422 1142 3472 0m.
1158 3429 1276 3487 puuctum

143 3501 200 3559 post
212 3509 306 3558 regem
321 3493 378 3542 nld.
397 3494 474 3555 lugd.
582 3494 641 3542 229.
662 3495 757 3558 utpute
773 3495 784 3543 1
797 3510 824 3541 α.
930 3491 991 3542 230.
1006 3492 1078 3552 etfil
1092 3491 1109 3539 B
1122 3489 1180 3540 ilat.
1197 3491 1212 3540 12
1226 3507 1248 3540 ιιι
1262 3507 1277 3556 q

144 3562 215 3612 Sielr.
228 3569 283 3611 tres
297 3561 373 3611 Char.
389 3561 473 3612 Poatt.
488 3561 583 3610 Amstr.
599 3561 677 3610 Arev.
688 3599 695 3624 ,
708 3563 749 3624 fit
761 3561 837 3612 Laur.
854 3560 929 3622 Prag.
942 3577 959 3608 α
972 3575 985 3609 2
1000 3577 1015 3610 2
1031 3559 1088 3612 illd.
1106 3560 1185 3621 Lugd.
1200 3558 1286 3609 Febr(

145 3629 202 3682 dis.
220 3630 320 3680 Woltz.
338 3629 425 3680 lleins.
441 3630 528 3680 cnam.
545 3630 610 3680 cell.
627 3629 694 3679 doh.
810 3631 869 3679 232.
885 3631 921 3680 El
936 3629 955 3678 li
970 3631 980 3678 1Ι
996 3627 1088 3679 Rdld.
1105 3627 1203 3692 Lngd.;
1218 3645 1278 3680 sar·

144 3715 205 3749 sum
221 3699 242 3749 Ν
256 3698 278 3750 Τ
293 3699 351 3747 lion.
369 3699 425 3749 Pnt.
441 3717 458 3746 α
472 3715 494 3748 ιιι
508 3715 522 3764 q
538 3698 624 3748 Heius.
641 3698 705 3748 Cell.
722 3701 816 3761 Areu,
836 3714 934 3748 rursus
947 3698 986 3761 A,
1006 3713 1115 3748 ritrerrrn
1128 3696 1202 3762 Prog.
1218 3696 1276 3747 1121.

142 3783 156 3818 2
172 3769 219 3818 ltu
231 3768 292 3818 Ald.
308 3767 389 3831 Lugd.
405 3768 474 3818 stan.
486 3776 538 3818 tres
553 3767 627 3816 Fabr.
644 3766 699 3817 Gis.
716 3767 812 3817 Weitz.
826 3766 902 3816 Chor.
919 3767 999 3817 Poett.
1015 3768 1109 3817 Amslr.
1126 3767 1190 3817 0bb.
1208 3765 1276 3834 [dir.

144 3853 222 3903 snpra
236 3838 297 3887 228.
313 3835 343 3885 11.
355 3835 428 3906 832].
499 3837 557 3886 243.
573 3852 605 3885 ne
616 3851 692 3901 snpra
703 3837 775 3886 loon
791 3833 864 3900 Prog.
877 3853 899 3886 m
911 3856 918 3900 ς
932 3851 1031 3902 sapore
1046 3838 1099 3898 loq
1114 3835 1190 3886 dictu
1201 3836 1276 3897 Prag.

142 3957 168 4020 6,
188 3959 220 4018 5,
244 3957 349 4008 Hieron.
372 3957 403 4008 ad
425 3955 506 4006 lovin.
529 3955 567 4014 ll,
590 3955 692 4020 GQut'd
734 3953 793 4019 lite]
804 3957 919 4008 molosso
929 3954 980 4018 Iso,
990 3971 1054 4008 eane
1063 3961 1198 4008 castrense
1207 3952 1276 4016 expl.

143 4025 290 4091 loquarde
309 4029 406 4074 nelarie
423 4027 592 4087 notionibus,
608 4040 691 4089 quum
734 4023 840 4086 Clam,
866 4028 915 4089 qui
939 4027 1086 4074 occisorum
1112 4028 1141 4074 in
1160 4023 1277 4090 proeliis

141 4097 198 4159 ipso
208 4094 427 4146 adolescentulos
437 4097 464 4143 in
478 4093 567 4146 Gallio
578 4093 690 4146 viderint
734 4095 861 4144 carnibus
875 4097 1003 4142 noscitur.
1025 4091 1139 4143 Frustra.
1156 4091 1209 4140 Cir.
1226 4089 1278 4140 0b-

143 4163 370 4228 Seotos,gentem
385 4163 582 4223 Britannicam,
597 4165 691 4211 dumo·
735 4162 789 4212 bar.
811 4163 842 4212 ad
863 4161 924 4215 Hor.
947 4161 992 4228 Ep.
1016 4160 1036 4225 1,
1057 4161 1081 4223 2,
1102 4161 1149 4218 61,
1170 4175 1195 4224 p.
1218 4159 1275 4210 186.

144 4235 184 4280 nir
205 4236 278 4280 verer·
297 4233 425 4281 carnibus
444 4244 499 4295 sqq.
518 4258 550 4266 ο
565 4234 691 4278 222222221-
734 4231 765 4280 ad
791 4230 822 4280 ll.
