3054 4820
252 310 354 352 xxvru
678 301 935 356 rnotnuoueni.

249 478 402 560 positum,
420 474 452 536 in
468 493 528 559 qno
544 475 647 537 omnio
662 473 790 538 deornm
802 495 899 537 snoro
914 483 945 536 et
952 495 1154 560 paganorum
1169 495 1271 539 mores
1286 497 1380 538 ocer-

255 571 332 630 rimo
348 565 544 648 insonanter
559 587 597 630 oc
612 568 862 653 redarguantur.
890 567 966 632 Cam
984 570 1112 633 Ioannis
1126 569 1301 634 linonellii
1311 571 1379 634 lin-

255 661 467 726 ronnnndensis
489 662 724 734 conmentario,
748 663 847 723 antiis
866 661 962 723 robae
976 662 1160 750 vocibusque
1177 661 1313 746 offerto.
1347 661 1382 725 In

255 755 332 818 line:
361 757 548 838 impressam
571 765 620 818 est
641 754 701 817 loo
716 756 894 838 opnacnlnm
921 754 1049 821 Colonia
1072 763 1104 820 in
1127 757 1379 842 chalcographia

254 852 461 934 ingenuorum
484 848 650 912 liberorum
668 849 822 931 Quentell.
847 849 943 914 Anno
962 850 1087 914 Christi
1099 855 1170 916 noti
1182 854 1311 936 septt‘mo
1326 871 1381 912 sn-

249 965 313 1028 prn
327 945 369 1007 M.
387 944 423 1007 D.
443 977 481 992 -·
498 945 540 1007 X.
559 944 707 1008 colendos
722 943 842 1008 lenias.
882 945 914 1009 In
932 953 962 1009 8.
980 969 1087 1031 magno
1103 949 1222 1033 potins,
1245 967 1330 1030 qnam
1348 946 1381 1009 in

256 1045 286 1099 4.
305 1038 481 1100 charactere
496 1037 708 1123 semigothico‚
726 1058 811 1119 quem
833 1050 952 1102 vocant.
972 1039 1094 1104 Giselini
1111 1043 1147 1105 de
1161 1040 1322 1105 Murmellii
1335 1041 1382 1104 Ia-

250 1132 326 1196 ¹bore
342 1131 484 1195 iudicium
501 1133 560 1196 vid.
579 1134 615 1198 ad
631 1134 678 1196 ed.
697 1131 788 1196 Nehr.
810 1139 902 1196 1512.

131 1287 140 1299 ,
174 1235 235 1277 ¹⁵⁰⁹·
340 1227 535 1290 Dooentrine
555 1227 690 1310 prodisse
712 1226 986 1312 Pspoltonnooliiom
1010 1249 1059 1291 an.
1089 1235 1167 1292 1509
1191 1231 1285 1293 refert
1299 1227 1382 1293 Lud-

256 1322 375 1406 wiqus.
399 1321 509 1386 Nescio
526 1323 651 1386 eolides
667 1322 811 1386 habenda.

174 1435 235 1478 isin.
342 1415 474 1479 Aurelii
482 1414 648 1478 Prodente
656 1414 822 1478 Clementia
839 1417 904 1479 oiri
913 1417 1086 1479 consuleris
1102 1417 1202 1480 libelli
1214 1437 1280 1480 meon
1299 1439 1382 1480 corn-

254 1519 356 1572 mento
371 1508 511 1573 Antonii
518 1510 748 1574 Nebrissensit.
772 1511 806 1574 In
822 1511 920 1574 ealce:
938 1512 1125 1595 Impressnno
1134 1533 1289 1596 praesens
1302 1533 1382 1596 opus

256 1611 287 1668 in
304 1607 430 1668 oo'oitole
445 1603 602 1668 Luoronii
609 1627 671 1690 per
685 1602 866 1669 Arnoldorn
886 1605 1090 1670 Guillormnin
1109 1607 1147 1670 de
1164 1607 1331 1685 Brooarzo,
1350 1616 1385 1668 et

246 1700 376 1785 finitum
391 1698 441 1761 die
456 1699 592 1761 seeundo
607 1702 720 1762 coensis
742 1700 925 1784 septembris
946 1721 1026 1763 anno
1043 1723 1063 1764 n
1078 1703 1241 1764 nativitate
1260 1700 1383 1764 Christi

255 1797 416 1860 inillesimo
433 1796 679 1880 quingentesimo
696 1796 886 1860 duodecimo.
910 1795 1030 1879 Absque
1051 1806 1218 1860 commento
1234 1795 1382 1860 exhiben-

255 1900 305 1953 tur
318 1888 442 1972 Aponi„
461 1889 561 1968 Ham,
578 1889 648 1968 libb.
667 1901 771 1954 eontra
786 1890 913 1976 symm,
931 1892 983 1954 lib.
1001 1892 1110 1955 Perist.
1129 1891 1230 1976 hymn.
1249 1891 1304 1968 IX,
1321 1889 1380 1968 XI,

255 1983 325 2059 XII,
342 1982 427 2061 XIII,
443 1982 527 2045 XIV.
563 1983 759 2048 Desideratur
781 1985 987 2048 Dittoehaeon.
1028 1989 1060 2046 In
1076 1985 1190 2050 criticis
1202 1984 1311 2048 Aldnm
1332 2003 1383 2048 se·

257 2077 368 2160 quitur,
386 2075 538 2142 erroribus
555 2077 685 2140 eiusdem
702 2078 812 2161 pluries
828 2079 961 2162 repetitis
978 2101 1064 2163 quam
1080 2074 1296 2162 castigitis¹⁸).

133 2177 247 2287 ammo
341 2165 476 2236 Aurelii
496 2171 664 2236 Prndenlii
684 2172 851 2237 Clementis
872 2177 938 2237 oiri
957 2177 1132 2238 consularis
1152 2162 1265 2238 libelli.
1306 2172 1382 2238 Com

160 2292 219 2340 posi.
258 2277 426 2330 conamento
440 2266 581 2330 Antonii
593 2265 822 2330 Nebrissensis.
857 2266 931 2330 Gon
949 2269 1133 2354 priuilegio.
1172 2269 1251 2332 Infra
1266 2265 1382 2351 effigia-

256 2375 317 2426 tum
333 2363 466 2427 cernitur
481 2373 606 2427 stemma
621 2363 811 2446 Hispanicum
830 2363 929 2428 Tanto
945 2373 1061 2426 monto.
1087 2363 1158 2426 Sine
1174 2365 1240 2427 loeo
1255 2375 1287 2426 ei
1302 2383 1384 2426 anno

256 2459 370 2522 formae
393 2466 424 2520 4.
456 2457 651 2522 Charaoteres
680 2469 750 2523 snut
776 2459 973 2543 semigotltioi.
1012 2459 1209 2524 Praefationis
1238 2461 1305 2524 Ioco
1334 2469 1384 2522 est

256 2553 434 2636 epigramma
456 2549 549 2616 Aelii
562 2555 700 2616 Antonii
711 2553 932 2618 Nebrissensis
951 2554 995 2616 nol
1017 2553 1218 2618 Prudentiori
1241 2575 1286 2618 en
1308 2554 1382 2618 Bri-

256 2650 362 2709 tannis
383 2644 587 2726 rodnoernffl).
619 2648 702 2712 Hanc
723 2650 792 2726 ed,
818 2671 904 2732 quam
933 2649 964 2712 in
992 2650 1143 2714 Romanae
1168 2649 1382 2714 UnIversitatis

254 2739 431 2804 bibliotheca
453 2740 514 2803 vidi
539 2742 706 2825 passimque
728 2744 840 2806 contuli
862 2765 921 2808 non
943 2765 1012 2808 esse
1032 2744 1091 2808 nisi
1112 2745 1242 2828 priorem
1257 2743 1382 2808 Nebris-

255 2835 352 2900 sensis
372 2835 530 2918 repetitam
554 2855 727 2918 persuasum
744 2837 849 2902 habeo.
880 2837 948 2902 Non
970 2838 1048 2902 alind
1067 2839 1160 2902 lerme
1175 2843 1254 2902 inter
1268 2850 1381 2902 utram·

256 2950 312 3012 que
328 2931 489 2996 discrimen
503 2931 691 2996 intercedere
703 2935 833 3014 videtur,
851 2955 938 3017 qnam
955 2936 1032 3017 quod
1047 2934 1078 2997 in
1090 2936 1156 2998 edd.
1169 2934 1283 2998 Amstr.
1300 2941 1380 2997 1625

256 3037 287 3088 et
312 3034 411 3104 1631,
443 3027 546 3090 Colon.
575 3035 651 3090 1701
679 3039 708 3092 et
734 3036 814 3092 1750
837 3030 1118 3094 animadvertemus.
1158 3031 1255 3094 Ordo:
1279 3029 1378 3105 Catu,

255 3122 424 3202 Romanus,
447 3123 578 3200 Perist,
602 3124 731 3208 Psych.‚
754 3123 864 3209 Apolli.
879 3172 888 3201 ‚
906 3125 1013 3200 Ham,
1033 3121 1148 3210 Symm.
1166 3124 1381 3188 Desiderantur

254 3215 362 3279 Perist.
381 3214 508 3300 hymnus
519 3216 586 3281 VIII
603 3229 632 3281 et
643 3218 849 3281 Dittochaeon.
876 3217 947 3281 Sine
963 3217 1162 3302 explicatione
1177 3227 1248 3282 sunt
1268 3216 1377 3281 Perist.

256 3310 357 3395 hymn.
375 3309 432 3386 IX,
448 3311 504 3390 XI,
522 3311 591 3384 XII,
609 3310 694 3390 XIII,
710 3309 798 3388 XIV,
816 3314 943 3397 Apoth.,
959 3311 1059 3388 Ham„
1078 3313 1190 3396 Symm.

175 3428 235 3470 1513.
340 3409 425 3474 Catii.
450 3409 551 3497 hymn.
575 3409 613 3472 V.
638 3409 693 3492 [od
712 3411 870 3473 incensam
892 3411 1050 3488 lucernae]
1072 3409 1280 3492 Wittebergae
1303 3416 1380 3468 teste

254 3503 411 3588 Ludwigio
427 3506 589 3588 impressus
604 3516 652 3567 est
666 3525 715 3567 an.
738 3509 830 3566 1513.

341 3597 440 3661 Liber
461 3600 493 3658 in
518 3619 579 3682 qno
607 3597 759 3660 scribitur
780 3599 891 3682 passio
913 3597 943 3660 b.
966 3596 1102 3661 Romani
1120 3598 1272 3682 martyris
1295 3597 1380 3658 etin

256 3694 360 3759 eodem
377 3701 489 3756 contro
505 3713 608 3754 omnes
621 3693 789 3776 gentilium
804 3691 879 3754 deos
893 3700 1056 3777 sectaeque
1077 3699 1110 3754 et
1128 3713 1224 3755 soora
1239 3691 1380 3776 disputo-

326 3872 370 3938 18)
389 3871 443 3922 Gis.
458 3878 589 3922 comment.
605 3871 630 3921 in
644 3871 734 3940 Psych.
754 3888 778 3939 p.
794 3873 826 3922 3:
841 3872 913 3935 „Sed
932 3880 959 3924 et
977 3873 1175 3924 commentarius
1194 3871 1262 3937 Aetij
1275 3871 1381 3938 Antonii

255 3941 435 3995 Nebrisaenais
447 3941 474 3990 in
486 3941 549 3992 treis
562 3941 660 4006 priores
672 3943 763 4005 libros,
777 3949 803 3992 et
816 3939 885 3992 Ioan.
898 3940 1025 4007 Murmolij
1040 3944 1064 3994 in
1079 3941 1217 3992 Romanum
1230 3948 1379 4008 martyrem,

256 4028 305 4063 non
318 4027 423 4078 parum,
447 4018 475 4060 nt
487 4025 541 4060 reni
558 4011 637 4076 ipsum
652 4011 754 4074 fatear,
778 4012 890 4062 laborem
903 4011 969 4062 huuc
982 4027 1064 4062 meum
1076 4011 1240 4062 levaverunt.
1266 4009 1378 4075 Uterque

255 4083 322 4132 enim
341 4095 462 4130 summam
484 4079 635 4144 diligentins
653 4081 753 4132 landem
765 4081 916 4146 praesertim
929 4081 954 4130 in
973 4081 1091 4147 historijs
1109 4078 1267 4146 explicandis
1280 4094 1381 4145 prome-

255 4152 316 4202 ruit.
348 4147 376 4200 (ιι
395 4149 441 4199 iIIo
461 4157 544 4200 tanen
564 4150 629 4200 artis
646 4149 762 4216 poitioae
782 4149 916 4202 scientiam
928 4151 1066 4214 maiorem,
1091 4150 1117 4200 In
1130 4151 1177 4200 hoe
1188 4150 1245 4215 pius
1259 4149 1381 4200 observa-

254 4221 350 4272 tionem
362 4218 595 4269 desideraverim.“

326 4298 369 4363 19)
388 4297 443 4350 Cir.
457 4298 516 4350 ala.
531 4297 600 4349 Rom.
616 4314 657 4364 ep.
673 4297 754 4349 dedic.
768 4299 801 4348 ad
813 4295 927 4349 Clarium
941 4297 1024 4350 Parui.
1037 4301 1066 4354 In
1079 4299 1119 4350 ed.
1134 4317 1160 4366 p.
1173 4299 1200 4351 2.
