3014 4834
649 275 724 326 atlit.
738 274 916 328 rnunnitru
930 275 1030 328 enlin.

488 456 665 537 Conspectu
681 463 713 524 in
728 464 796 539 ipso
813 464 936 526 condita
952 465 1086 526 turrium

487 562 593 618 servat
608 558 739 620 salutern
754 561 844 634 virgo
859 555 1041 640 Quiritium,

486 666 543 713 nec
557 667 620 713 uon
636 657 668 712 et
682 654 767 728 iosos
782 654 919 730 protegit
933 655 1071 716 advenas

488 762 566 823 puro
581 763 617 808 ac
633 749 716 812 tideti
731 755 854 824 pectore
869 751 1037 826 supptices.

489 836 612 916 Duplex
628 856 743 902 corona
760 847 809 904 est
824 844 974 918 praestito
990 843 1139 918 martyri:

488 937 641 998 intactum
656 938 695 996 air
710 939 794 998 omni
810 937 940 998 crimine
955 938 1104 1013 virginal,

488 1033 597 1093 mortis
613 1033 721 1093 deinde
736 1033 837 1108 gloria
854 1033 980 1094 liberae.

486 1125 586 1188 Aiunt
600 1127 697 1204 iugali
713 1129 765 1189 vix
782 1129 916 1190 habilem
932 1131 1001 1188 toro

348 1351 373 1399 3.
391 1349 531 1415 splendida
545 1353 665 1400 turrium
681 1350 760 1401 Laur.
775 1363 800 1402 u.
941 1351 966 1400 9.
986 1349 1048 1400 dein
1061 1367 1086 1417 p.
1224 1350 1264 1400 lb.
1284 1351 1409 1401 habitam

279 1418 443 1483 scoraliam
456 1419 468 1468 i
479 1423 573 1481 aptam
587 1417 663 1481 use„
689 1421 775 1485 inquo
790 1421 857 1470 baud
878 1436 937 1470 raro
955 1418 1043 1470 varias
1057 1419 1161 1469 lectioni
1176 1418 1262 1482 glossa
1275 1420 1409 1482 miscetur,

280 1488 399 1537 babilam
412 1488 444 1549 b,
463 1489 582 1537 babilam
598 1503 675 1554 supra
686 1491 699 1538 l
711 1491 828 1539 nabilem
843 1505 876 1540 m.

280 1693 307 1757 4)
321 1701 346 1742 et
361 1694 436 1743 Prod.
458 1693 518 1755 (eir.
540 1694 589 1744 Les
603 1697 658 1744 vies
673 1696 718 1746 des
732 1695 821 1744 Saluis
866 1696 959 1745 tionem
981 1695 1053 1744 iacit.
1074 1693 1122 1744 Est
1139 1701 1223 1742 autem
1238 1695 1314 1744 baec:
1338 1696 1410 1746 Con-

281 1761 314 1826 il,
335 1779 358 1826 p.
373 1760 463 1811 XXXI
471 1781 477 1811 a
500 1761 630 1812 Personoo
653 1765 708 1812 o’eu
730 1778 743 1812 a
766 1777 822 1827 rap·
864 1763 1085 1813 stontinnDenm
1099 1778 1228 1812 venerans
1244 1763 1410 1831 Christoque

280 1827 352 1896 porte
373 1830 428 1895 plus
448 1833 493 1880 des
512 1830 573 1880 faits
594 1832 749 1896 historiques
771 1846 821 1896 que
866 1833 973 1894 diocia,
1008 1833 1134 1882 Omnibus
1158 1834 1286 1896 impensis
1310 1832 1408 1883 denota

263 1901 303 1949 ,le
317 1897 390 1964 poete
410 1897 500 1960 Prud.)
519 1914 604 1964 parum
626 1903 736 1962 genuina
749 1901 822 1950 nobis
864 1905 1088 1966 manuteneretis,
1103 1899 1222 1950 Numine
1234 1901 1324 1951 divino
1336 1904 1409 1952 rnul-

280 1969 821 2102 tltitiietittilitiiiilit:
866 1970 1407 2105 titii²itit..:²‘iti}n..⁸titt}

278 2122 356 2156 cursu
366 2113 479 2168 aucium,
492 2107 578 2156 Aurea
588 2106 706 2168 Legenda
719 2105 821 2156 etbiar·
869 2107 1040 2172 Tempiornm
1060 2107 1132 2171 qaod
1145 2110 1228 2156 cincii
1241 2123 1326 2173 opus,
1350 2115 1407 2158 ter-

279 2175 407 2243 tyrologia
422 2172 532 2223 Romano
554 2191 602 2224 non
619 2184 725 2242 excepto
739 2183 820 2225 testes
864 2191 983 2242 retiaque
993 2183 1100 2238 cuncta,
1112 2178 1203 2225 Aurea
1214 2191 1276 2225 nam
1287 2177 1409 2227 rutilant

280 2251 349 2294 sunt.
369 2240 515 2310 Martyris,
531 2259 596 2308 quae
610 2259 633 2293 a.
649 2245 698 2292 304
713 2251 757 2294 aut
770 2245 819 2294 310
863 2248 964 2294 summi
973 2245 1096 2310 fastigia
1112 2247 1190 2306 tecti,
1215 2243 1318 2295 Nomen
1334 2251 1405 2296 anim

280 2314 388 2380 palmam
403 2311 626 2378 adeptavidetnr,
647 2314 819 2376 gloriantium
864 2313 969 2363 Christi
999 2313 1153 2362 celebratur
1187 2312 1296 2363 sedibus
1330 2318 1404 2378 istis,

278 2382 375 2448 pridem
401 2381 427 2429 in
459 2382 570 2430 ecclesia
601 2381 755 2431 celebratam
788 2397 820 2430 ex
866 2381 1117 2431 Tartaream-solue
1132 2385 1407 2446 potuitquicincere

278 2449 434 2500 testimoniis
446 2463 487 2515 ap.
499 2449 659 2499 Ambrosium
672 2451 715 2514 (ad
726 2450 818 2500 Psalrn.
862 2454 976 2500 moriem
1007 2451 1133 2500 innectus
1159 2451 1247 2512 coelo,
1280 2451 1406 2516 solersque

281 2517 351 2583 104),
362 2519 532 2580 Angustinmn
543 2519 633 2583 (serm.
645 2519 714 2584 tto),
731 2519 821 2568 Hiero·
864 2519 969 2584 inferre
990 2521 1174 2583 trinomium,
1196 2517 1299 2569 Nomen
1317 2521 1406 2570 adbrtc

280 2604 390 2656 aymam,
406 2587 552 2650 Damasum,
567 2587 661 2653 Sulpit.
676 2588 735 2637 Ser.
751 2587 820 2652 (dia-
864 2589 985 2651 reserens
995 2594 1023 2637 ct
1034 2604 1132 2654 corpus
1143 2593 1170 2636 et
1182 2593 1273 2637 omnio
1284 2591 1405 2639 membro

278 2657 329 2719 log.
345 2655 375 2719 li,
394 2656 449 2717 tt),
470 2664 496 2708 ct
509 2658 574 2706 alios
588 2657 671 2706 obviis
685 2657 820 2723 permultis
864 2658 888 2706 A
906 2660 1005 2706 mortis
1028 2659 1160 2719 tenebris,
1183 2663 1211 2705 et
1231 2671 1309 2706 caeca
1327 2665 1406 2707 nocta

279 2726 370 2791 liquet.
399 2725 562 2775 prudentium
584 2725 675 2775 imitati
697 2734 757 2775 suot
776 2727 821 2775 ut·
866 2725 1102 2790 tcoata‚1n·gnom
1115 2725 1406 2790 Agraesmanusmor-

279 2796 378 2860 phonos
392 2793 460 2856 (sec.
473 2794 523 2857 Xl)
538 2803 564 2845 et
576 2793 741 2845 Hildebertus
755 2795 819 2857 (sec.
865 2799 928 2860 tyr,
949 2793 1095 2860 devotaque
1114 2796 1221 2843 (ltrristo
1246 2795 1291 2844 Em
1309 2796 1404 2860 opibus

278 2861 354 2924 xit),
380 2861 429 2910 cfr.
454 2863 541 2912 Barth.
567 2864 631 2914 Adv.
650 2862 755 2923 xxxi,
778 2865 818 2922 13,
864 2867 967 2912 nostris
979 2878 1029 2928 per
1040 2863 1149 2912 soeculo
1164 2869 1263 2913 enticis
1277 2865 1403 2926 tenebris,

279 2931 388 2998 Leyser.
404 2931 465 2980 hist.
480 2939 547 2996 poet.
561 2933 624 2982 med.
638 2933 705 2995 aevi,
720 2949 744 2998 p.
757 2932 817 2982 387.
867 2932 887 2982 0
903 2931 984 2995 felix
1002 2936 1078 2998 virgo
1099 2933 1270 2982 memorandi
1287 2936 1404 2982 nominis

278 3000 338 3049 Dies
351 3002 408 3048 eius
422 3000 517 3050 natalis
530 3001 572 3050 21.
589 3001 641 3050 lan.
657 3001 818 3061 celebratur,
861 3001 961 3064 Agnes.
981 3000 1072 3049 Altera
1086 3000 1172 3063 Agnes
1186 3001 1298 3051 ecclesia
1313 3002 1403 3050 visitur

277 3069 326 3118 cir.
342 3067 522 3135 Martyrol.ad
538 3070 561 3118 h.
577 3069 619 3131 d.‚
635 3068 768 3119 diabillon.
786 3068 816 3119 tt.
862 3069 888 3117 in
914 3069 983 3118 circo
1008 3070 1110 3132 agontii
1142 3067 1250 3127 (Piazna
1276 3069 1401 3132 Narona),

277 3137 334 3187 ltal.
351 3153 374 3203 p.
391 3137 422 3186 83
435 3153 501 3202 sqq.‚
520 3135 666 3188 Tillemont.
681 3137 819 3188 mimoires
862 3153 927 3202 qnae
943 3138 1014 3186 locus
1034 3137 1166 3203 lupanaris
1179 3137 1237 3201 (25)
1256 3137 1337 3188 inisse
1350 3154 1404 3187 ere·

277 3206 451 3272 ecelesiastiq.
466 3205 508 3267 lV,
524 3223 548 3271 p.
561 3208 621 3271 624,
641 3208 690 3257 Les
704 3209 759 3257 vies
774 3208 818 3257 des
862 3207 940 3255 ditur.
966 3206 1118 3256 Anastasius
1137 3208 1162 3255 in
1182 3207 1236 3256 rita
1250 3207 1344 3257 Leonis
1359 3206 1401 3258 ΙΙΙ.

278 3275 367 3327 Saints
380 3274 413 3338 it,
428 3292 451 3340 p.
467 3276 526 3325 277.
862 3275 893 3324 de
906 3290 936 3324 ea
954 3275 1050 3324 refert:
1070 3275 1101 3324 In
1122 3276 1252 3326 oratorio
1265 3273 1296 3328 S.
1316 3277 1402 3342 Agre

330 3347 354 3394 3.
389 3344 542 3410 Conspectu
571 3348 598 3394 in
623 3342 701 3409 ipso]
733 3348 818 3407 Agnes
862 3349 912 3405 tis,
939 3344 1010 3410 quod
1031 3347 1146 3409 ponitur
1170 3347 1199 3393 in
1222 3345 1401 3396 Monnsim'o.

276 3414 457 3464 coemeterium
470 3421 497 3462 et
509 3413 630 3473 ecclesia,
646 3416 713 3462 unde
725 3412 816 3462 Romae
860 3412 933 3476 qnod
948 3413 1107 3478 appellatur
1125 3413 1177 3462 deno
1197 3413 1309 3476 Nur-na,
1328 3416 1400 3479 sccii

276 3489 403 3532 turresct
421 3482 533 3548 palatia,
553 3497 598 3531 sen
618 3483 817 3547 potiosmoenia
861 3482 1016 3531 Canisiram
1041 3498 1075 3531 en
1099 3487 1214 3544 argento
1243 3487 1399 3548 pensantem

276 3551 373 3601 turrita
386 3550 589 3615 conspiciuntur,
603 3551 660 3615 plns
673 3550 742 3599 mille
756 3565 817 3616 pas·
861 3551 944 3600 libras
964 3558 1015 3600 eto.
1037 3549 1216 3600 Denuminatio
1231 3552 1358 3600 Ecclesia
1372 3551 1400 3600 S.

276 3635 319 3669 sus
338 3627 410 3668 entra
433 3618 525 3670 Urbem
552 3619 686 3669 invenitur
707 3620 737 3668 ad
758 3621 816 3669 viae
861 3621 973 3682 Agnetis
996 3622 1024 3668 in
1047 3620 1151 3684 Agonis
1175 3627 1203 3670 et
1231 3620 1262 3668 de
1290 3622 1401 3687 Cayplis

275 3685 451 3738 Nomentanae
465 3689 607 3738 sinistram.
629 3687 705 3737 Liber
720 3686 814 3737 Pontii.
860 3689 966 3751 Agonis
978 3687 1086 3737 serioris
1097 3689 1219 3754 temporis
1231 3695 1282 3737 est.
1296 3717 1328 3724 —
1343 3705 1403 3739 ron·

275 3758 300 3806 in
327 3757 380 3804 vita
406 3756 534 3822 sylvestri
556 3755 573 3806 Ι.
608 3756 814 3818 Constantinum,
860 3753 929 3822 dita]
950 3757 968 3804 i.
991 3774 1014 3804 e.
1035 3757 1146 3822 sepulta.
1174 3757 1229 3806 un.
1252 3755 1400 3823 Westpbal.

274 3826 394 3891 precibus
413 3825 481 3874 filiae
495 3825 661 3875 Constantine
680 3841 727 3876 seu
748 3825 815 3875 Con·
860 3826 876 3874 Ι.
893 3825 909 3873 l.
930 3827 970 3874 die
985 3827 1047 3874 rbm.
1064 3825 1223 3890 Campagne‚
1239 3825 1267 3874 E.
1285 3825 1399 3878 Platorr.

274 3893 407 3943 stantinao
420 3901 528 3962 motum,
550 3895 575 3944 io
597 3895 715 3944 bonorem
731 3896 815 3958 Agnes
859 3895 888 3943 C.
898 3893 1008 3943 Boosou-
1021 3901 1072 3944 etc.
1087 3895 1315 3957 Reschreibungd.
1328 3893 1400 3944 stan

274 3964 384 4028 virginis
404 3977 460 4011 eam
479 3963 630 4014 aedificasse
643 3965 734 4013 tradit.
765 3963 814 4012 Sed
858 3961 930 4012 Rom.
947 3963 991 4012 tid.
1007 3961 1051 4026 tlt,
1066 3964 1153 4012 About.
1169 3964 1195 4024 2,
1208 3979 1234 4029 p.
1248 3965 1301 4014 its
1314 3971 1340 4014 ri
1354 3963 1400 4013 nt.

274 4031 425 4097 inscriptio,
446 4033 518 4082 cuius
531 4031 668 4084 Damasum
686 4040 813 4082 auctorem
860 4030 904 4092 itt,
920 4032 1008 4081 nbtlt.
1022 4033 1047 4094 3,
1063 4049 1086 4098 p.
1101 4031 1161 4082 377.

274 4108 379 4166 putant,
400 4101 425 4151 in
439 4101 551 4150 ecclesia
571 4101 716 4151 etiamnunc
729 4117 816 4152 asser·
906 4103 930 4150 i.
946 4101 1055 4165 Duplex
1064 4099 1176 4166 corono]
1187 4101 1326 4163 gemellum
1335 4115 1400 4150 mar·

272 4178 334 4219 vata
349 4171 416 4235 piam
437 4171 538 4235 quidem
557 4168 676 4219 feminam
689 4169 814 4220 Constan-
858 4169 924 4233 tyris
944 4169 1060 4218 diadema
1079 4170 1216 4231 virginitas
1238 4176 1264 4218 et
1277 4171 1334 4219 sina
1347 4185 1404 4219 na-

272 4240 345 4288 tiuae
360 4240 461 4287 nornine
476 4239 539 4288 dicit
551 4239 629 4287 aedes
643 4238 812 4289 exstruendas
857 4238 914 4287 cula
938 4237 1010 4296 fides,
1035 4238 1085 4288 cir.
1109 4239 1165 4300 itt,
1191 4237 1346 4289 Pasebalins
1371 4241 1403 4288 de

274 4321 391 4368 curasse,
402 4322 482 4372 nequa
492 4307 655 4372 imperatoris
665 4306 734 4358 filiae
743 4323 813 4357 mon·
857 4308 958 4356 coronis
974 4306 993 4369 Ι,
1008 4308 1033 4356 6.
