3014 4834
620 259 796 316 naitanus

353 445 467 524 Fulget
482 463 597 510 aureus
612 451 763 526 scyphus,

439 557 496 603 nec
512 557 585 603 aere
601 542 675 604 dclit
691 544 827 619 expolita
844 542 962 619 pelvis=

350 643 399 699 est
414 643 445 700 et
460 639 522 700 olla
537 640 642 701 lictilis

434 733 605 808 gravisque
619 737 651 794 et
665 732 765 808 ampla
782 737 932 810 argentea
947 735 996 793 est
1011 734 1162 809 parabsis.
1215 785 1219 792 ,

349 824 430 890 Sunt
445 829 563 889 eburna
579 829 752 905 quaepiam,

436 923 586 985 nonnulla
602 917 720 998 quercu
735 926 810 983 sunt
824 922 934 982 cavata
950 925 982 982 et
997 920 1098 981 ulmo:
1240 932 1272 980 m

349 1031 439 1079 omne
455 1030 510 1076 vas
526 1016 561 1076 nt
578 1017 665 1093 utile,
926 1021 927 1024 ’

434 1109 516 1185 quod
533 1109 634 1170 estad
651 1122 743 1170 usum
759 1120 937 1184 congruens
953 1107 1093 1169 herilem.

347 1200 513 1266 instruunt
528 1204 610 1264 enim
626 1197 755 1264 domum

431 1302 467 1359 ut
483 1301 585 1373 empta
600 1312 725 1376 magno,
744 1298 790 1359 sic
805 1302 913 1375 parata
928 1299 1024 1376 ligno.

347 1389 400 1454 Mc
415 1396 545 1468 paterno
561 1391 593 1452 in
610 1391 689 1452 atrio

431 1492 467 1549 ut
482 1487 656 1572 obsoletum
670 1487 834 1548 vasculum
850 1488 976 1549 caducis

349 1577 496 1644 Christus
512 1585 598 1658 aptat
612 1582 735 1658 usibus

432 1679 569 1755 sinitque
585 1677 721 1754 partein
737 1679 846 1755 anguli
862 1693 999 1743 manere.

347 1770 465 1834 Munus
482 1788 554 1834 ecoe
570 1773 666 1834 fictile

433 1868 549 1928 inimus
565 1867 648 1929 intra
668 1868 788 1943 regiam
805 1870 937 1948 salutis3

346 1965 483 2023 attamen
501 1962 549 2023 vel
564 1962 702 2024 intimam

430 2053 498 2117 Deo
514 2057 725 2132 obsequellam
740 2060 936 2134 praestitisse
951 2061 1088 2137 prodest.

346 2147 504 2232 Quidquid
520 2153 596 2214 illud
612 2152 735 2230 accidit,

430 2245 551 2307 iuvabit
567 2261 621 2308 ore
636 2261 823 2322 personasse
839 2242 1012 2323 Christum,

349 2344 422 2420 [qun
438 2344 568 2417 regente
583 2342 745 2422 vivimus]
1232 2353 1265 2402 35

208 2496 249 2546 16.
274 2495 330 2545 Nec
342 2496 465 2558 ederefit
477 2497 608 2560 expedita
617 2497 707 2570 pelais
720 2497 936 2562 supressa-'polita
950 2494 1037 2556 Gela,
1058 2501 1086 2544 et
1095 2497 1151 2558 pol.
1166 2495 1197 2557 Α,
1211 2494 1268 2546 Nee

134 2580 191 2615 noa
202 2579 265 2614 aare
271 2567 313 2627 fit
326 2565 454 2629 expedita
463 2566 551 2630 pelra's
567 2567 620 2615 im.
695 2566 735 2614 il.
757 2566 811 2615 olla
825 2566 857 2614 ad
871 2579 939 2614 oram
953 2564 1040 2614 talou
1054 2564 1123 2614 uado
1136 2565 1232 2615 alueos
1245 2566 1264 2629 i,

135 2632 237 2684 aulali
252 2635 296 2683 lm
310 2632 419 2695 Weitz.‚
440 2633 489 2684 cir.
506 2632 590 2683 Plaut.
606 2633 664 2683 dul.
678 2631 722 2696 lv,
737 2634 762 2699 2,
779 2634 811 2683 10
823 2638 850 2684 si
861 2637 921 2698 quis
939 2633 1015 2684 illam
1029 2636 1164 2684 inuenerit
1175 2635 1267 2684 aulam

134 2708 265 2754 onustam
278 2706 350 2766 auri,
364 2701 430 2752 dun.
447 2703 466 2765 l,
481 2703 507 2765 2,
522 2705 570 2766 47,
586 2701 689 2767 Quinct.
705 2701 760 2764 Vll,
774 2703 800 2764 9,
814 2706 845 2766 4,
868 2703 940 2752 Suet.
955 2701 1034 2766 Vesp.
1049 2701 1092 2765 22,
1108 2701 1178 2752 Fest.
1193 2719 1216 2770 p.
1233 2703 1267 2753 20

134 2772 179 2824 cd.
193 2771 267 2822 Lind.
377 2772 416 2822 18.
437 2777 479 2822 est
491 2787 540 2822 om.
556 2789 589 2835 u;
607 2774 734 2836 paranate
748 2770 769 2820 A
784 2773 801 2820 Β
815 2771 840 2831 lt
850 2771 925 2822 Gold.
941 2772 985 2821 alt.
1002 2769 1059 2822 nat.
1076 2786 1098 2820 m
1113 2770 1197 2836 obla,
1215 2787 1267 2836 pa-

134 2845 220 2906 n'psis
241 2841 273 2902 b,
291 2844 419 2905 parapsis
433 2841 453 2890 0
467 2839 489 2889 Τ
502 2839 577 2904 Prag.
599 2857 616 2888 a
630 2841 638 2888 i
652 2855 666 2905 q
681 2857 696 2890 n
715 2839 812 2891 Wcitz.
829 2841 919 2891 licius.
935 2840 1002 2890 dell.
1025 2842 1121 2903 Areu,
1138 2845 1266 2908 parapsis

134 2910 197 2962 Ald.
212 2909 294 2973 Lugd.
310 2907 380 2958 sien.
390 2916 443 2959 tres
457 2907 512 2960 Gis.
527 2911 604 2959 Chor.
620 2907 705 2960 Poett.
720 2910 816 2959 Amstr.
831 2910 919 2960 Cham.
937 2907 1005 2977 [cto.
1020 2908 1062 2961 Ps.
1079 2911 1138 2960 532.
1154 2910 1264 2961 Gramm.

135 2979 230 3045 Haupt.
245 2995 270 3045 p.
285 2977 329 3043 91,
346 2976 400 3044 15].
508 2979 549 3030 19.
571 2977 631 3028 otta
645 2981 748 3028 adarna
761 2983 904 3044 quaepiam
917 2995 943 3031 a.
1058 2981 1102 3030 21.
1122 2980 1267 3042 vasfictt'le

134 3051 168 3100 R.
292 3048 334 3096 23.
353 3047 480 3113 luserant
495 3048 540 3098 ib.
663 3048 705 3098 24.
722 3051 831 3112 partita
846 3049 866 3098 t
880 3064 911 3114 q,
928 3054 1028 3112 parato
1042 3049 1066 3098 h.
1088 3048 1158 3098 Hunc
1172 3054 1265 3112 etseq.

132 3131 239 3168 versum
260 3131 309 3166 om.
324 3133 350 3166 n.
473 3116 515 3166 25.
542 3116 584 3166 Mo
596 3122 718 3166 materno
735 3137 762 3160 =
778 3119 805 3166 in
820 3116 924 3166 caeteta
939 3120 1037 3166 aratris
1056 3118 1153 3182 templi
1164 3119 1265 3180 angulo

134 3186 206 3237 coni.
221 3185 339 3235 Bivarius
352 3183 383 3234 ad
397 3183 500 3235 Dexter.
517 3186 652 3236 Cimona.
667 3187 727 3249 424,
741 3186 793 3235 vid.
809 3185 887 3235 Arev.
902 3186 923 3248 l,
937 3201 962 3250 p.
978 3185 1021 3235 39.
1144 3185 1187 3234 26.
1207 3200 1264 3234 vas-

133 3256 208 3305 culis
221 3251 276 3305 Gis.
291 3255 368 3304 Char.
383 3253 467 3304 Poctt.
572 3255 613 3304 27.
634 3254 718 3305 addat
731 3253 805 3317 aar.;
825 3255 916 3303 ositos
932 3255 979 3301 la.
1073 3253 1116 3302 28.
1131 3253 1264 3317 Siaatqoa

135 3326 215 3386 Rat.3
229 3328 350 3373 manaret
361 3323 392 3372 Α.
498 3323 600 3375 29...32
615 3322 655 3372 bis
668 3329 758 3372 extant
770 3323 796 3371 in
811 3322 841 3371 d.
960 3323 1001 3372 33.
1022 3320 1129 3370 accidat
1141 3319 1163 3371 l*
1175 3320 1262 3370 Heins.

134 3393 226 3444 Cham.
242 3391 320 3454 dell,
339 3397 372 3441 act
383 3392 571 3443 accidatconi.
587 3393 674 3442 Barth.
691 3393 707 3441 l.
723 3391 742 3441 l.
860 3391 901 3441 34.
920 3405 1052 3455 personas
1065 3389 1097 3452 Α,
1114 3405 1261 3455 personare

18 3513 26 3522 ,
132 3476 215 3528 supra
225 3476 385 3525 personasse
399 3460 457 3511 liat.
598 3462 641 3511 35.
661 3459 740 3511 Extat
752 3459 896 3510 versiculus
916 3461 940 3508 in
955 3458 974 3507 B
988 3455 1020 3508 W
1035 3465 1144 3525 utroque
1158 3458 1231 3509 dolo.
1247 3477 1261 3507 o

134 3535 149 3581 b
162 3532 170 3580 i
185 3545 207 3580 nt
222 3546 236 3596 q
249 3528 289 3595 (in
301 3546 349 3597 qno
362 3530 505 3594 regnante)
519 3546 535 3579 u
548 3529 618 3580 stet.
630 3530 713 3580 tribus
728 3527 823 3578 Weitz.
839 3528 917 3579 Char.
932 3528 1017 3578 Poett.
1032 3531 1110 3578 Areu.
1125 3527 1174 3578 Sed
1188 3543 1260 3594 prae-

131 3609 253 3664 terquam
265 3599 330 3665 quod
344 3598 457 3662 glossam
471 3599 550 3664 sapit,
563 3600 639 3649 metri
653 3597 786 3648 Horationi
800 3613 903 3648 normae
918 3597 979 3662 (Od.
992 3596 1025 3654 ll,
1042 3596 1084 3660 18)
1098 3613 1112 3648 a
1125 3596 1260 3648 Prudentis

132 3669 257 3720 inductae
270 3683 318 3717 non
332 3669 460 3732 congruit.
482 3667 551 3720 Unda
565 3667 639 3717 uncis
649 3683 706 3717 enm
719 3667 823 3717 inclusi.
845 3665 947 3716 Heinsio
958 3667 1057 3732 quidem
1069 3667 1146 3717 hocca
1160 3682 1260 3718 carmen

132 3753 187 3789 non
200 3737 326 3800 integram
339 3752 397 3786 esse
410 3736 534 3787 iudicanti
549 3753 597 3786 non
610 3738 750 3787 assentior.
