3046 4830
584 401 586 406 Ι
647 324 722 376 AUll.
739 324 917 378 PllUllEN'l'll
932 325 1033 378 ctam.
1120 391 1126 412 Ι

657 883 1058 1030 ΑΡιοτΗΕοειεζ·

413 1204 469 1272 Est
478 1205 541 1270 tria
557 1227 672 1270 summa
688 1206 908 1283 Deus,.triuum
925 1210 1087 1294 specimen,
1104 1210 1192 1292 vigor
1207 1229 1295 1273 unus.

373 1305 463 1367 corde
479 1302 578 1365 Patris
591 1302 692 1386 genita
708 1315 754 1367 est
770 1305 928 1389 sapientia,
946 1307 1038 1402 Filias
1054 1307 1118 1390 ipsc
1133 1315 1191 1370 est.

354 1457 452 1510 Otiosis
465 1457 627 1509 librariorum
641 1458 824 1510 additamentis
837 1427 1145 1528 reiectis'inscrlptiouem
1159 1461 1261 1529 apposni
1275 1460 1339 1510 duce
1351 1459 1408 1509 eod.
1513 1461 1514 1488 l

287 1545 305 1578 α
319 1528 418 1595 Incipit
427 1527 591 1591 Apotbeoees
603 1528 664 1592 (sic)
684 1530 742 1579 cxli.
763 1529 864 1597 Incipit
877 1532 943 1582 liber
952 1533 1116 1597 Apotheosis
1129 1531 1158 1582 id
1170 1537 1211 1581 est
1223 1531 1254 1582 de
1266 1530 1410 1580 diuinitate
1513 1555 1514 1576 ;

289 1598 347 1648 liat.
362 1611 395 1660 m,
411 1597 511 1663 incipit
523 1596 593 1647 iiber
605 1599 750 1662 Apotboss's
764 1599 825 1664 (sic)
840 1598 860 1649 l.
882 1600 914 1650 de
934 1600 1080 1651 diuinitate
1092 1601 1124 1664 b,
1141 1601 1241 1666 Incipit
1250 1599 1410 1666 Apotheosis

288 1665 319 1718 id
330 1671 372 1716 est
384 1667 416 1716 de
429 1665 574 1716 diuinitate
585 1665 612 1729 i,
631 1666 710 1717 Liber
722 1668 754 1723 de
770 1667 905 1734 Trinitatis
924 1668 991 1719 baad
1009 1681 1142 1736 perperam
1162 1683 1193 1732 a,
1213 1670 1286 1720 modo
1298 1667 1410 1733 arripias

288 1735 431 1798 deintcgro
443 1743 575 1800 poemate,
596 1750 677 1801 aeque
697 1737 728 1788 de
747 1737 877 1788 duodecim
898 1737 1025 1804 prioribus
1044 1739 1173 1801 versibus.
1204 1738 1269 1788 illac
1288 1736 1338 1786 iam
1351 1736 1411 1786 Aldi

289 1819 398 1856 erronea
417 1819 506 1854 eoram
516 1803 690 1871 denominatio
704 1805 824 1872 Hymnus
837 1807 868 1856 de
883 1807 1027 1858 Trinitate.
1060 1805 1106 1862 ilci
1126 1807 1258 1874 tripartita
1275 1805 1412 1872 respondet

289 1872 422 1938 inscriptio
435 1889 452 1922 a
465 1873 567 1923 Versae
580 1873 612 1923 de
625 1879 718 1924 sancta
734 1874 880 1940 Trinitate,
897 1876 964 1926 dein.
979 1878 1111 1928 invectiva
1125 1882 1221 1928 contra
1233 1891 1322 1926 omues
1335 1876 1412 1924 iere-

287 1958 339 2006 ses,
353 1949 406 1992 tam
420 1941 503 1992 Liber
514 1942 674 2008 Apotheosis
687 1943 816 1996 aduersas
834 1947 967 1996 lracreses.
1116 1947 1139 1996 l.
1159 1943 1317 1996 Nouissimas
1329 1943 1413 1993 editor
1513 1961 1514 1970 ¹

288 2029 313 2078 p.
327 2012 393 2062 307:
415 2009 517 2078 Versus
536 2011 568 2061 de
590 2010 726 2062 Trinitate
750 2014 814 2084 olim
834 2015 982 2066 Prudentia
1004 2005 1139 2080 adscripti
1160 2029 1217 2065 eum
1239 2021 1315 2065 nata:
1341 2010 1411 2078 „Qui

288 2095 379 2131 versas
392 2080 416 2130 in
432 2076 551 2132 amnibus·
567 2080 669 2146 quidem
689 2082 745 2132 edd.
769 2090 829 2134 ante
842 2083 935 2149 Apotb.
950 2083 1133 2150 praefationem
1148 2083 1305 2148 legebantur,
1318 2081 1364 2132 sed
1377 2081 1412 2130 ibi

288 2149 429 2212 offendunt,
455 2150 572 2214 quoniam
592 2150 714 2215 primum,
741 2166 787 2201 cur
805 2151 958 2202 Prudentiae
975 2153 1039 2202 duas
1055 2153 1229 2219 praefationes
1249 2151 1287 2202 illi
1307 2151 1412 2201 carmini

290 2217 423 2286 praefigat,
439 2218 539 2278 omnino
549 2226 600 2267 ‘aon
614 2218 786 2284 intelligitur3
807 2221 908 2280 deiude,
923 2223 1041 2286 quoniam
1056 2223 1182 2287 prooemia
1195 2229 1221 2272 et
1233 2220 1374 2288 Apotbeasi
1387 2227 1413 2270 et

288 2288 383 2339 ceteris
397 2287 469 2338 libris
483 2287 634 2358 dogmaticis
647 2289 788 2354 praemissa
808 2291 862 2340 slve
882 2290 1033 2360 allegoriam
1053 2291 1108 2342 sive
1129 2290 1262 2342 historiam
1281 2289 1413 2355 quamdam

288 2371 387 2410 sacram
408 2355 540 2408 contiueat
560 2358 673 2422 adrem,
696 2373 761 2424 quae
780 2359 806 2409 iu
827 2359 881 2426 ipso
900 2359 1013 2410 carmine
1027 2367 1168 2424 tractatur,
1188 2359 1411 2409 accommodatam.

289 2426 516 2478 ludicatur'autem
531 2426 570 2477 bis
583 2443 624 2476 vv.
640 2435 728 2476 contra
741 2427 874 2478 Prudentii
887 2444 981 2479 morem
995 2429 1147 2498 Apotheosis
1161 2444 1274 2491 summa,
1289 2435 1315 2478 et
1328 2441 1413 2494 qaam-

287 2495 327 2546 vis
347 2497 498 2563 scriptorem
516 2494 584 2546 locos
602 2494 786 2567 Prudentianos
806 2504 865 2548 ante
886 2497 974 2548 oculos
993 2498 1113 2549 babuisse
1133 2515 1180 2548 noa
1199 2501 1346 2562 negaverim
1365 2494 1412 2562 [cl.

289 2575 343 2616 cam
359 2581 384 2616 v.
400 2567 425 2616 3.
443 2565 715 2626 Hamart.,931.,cum
728 2582 752 2614 v.
768 2567 793 2616 4.
808 2566 902 2631 Apotb.
918 2568 959 2617 87.
975 2567 1052 2632 794„
1071 2584 1126 2618 cum
1140 2568 1164 2618 5.
1181 2567 1210 2618 ll.
1228 2567 1298 2624 163„
1316 2580 1373 2615 eum
1387 2565 1413 2614 6.

289 2638 319 2685 A.
335 2633 384 2684 tta
398 2649 453 2700 sqq.
471 2633 534 2684 1023
548 2650 603 2699 sqq.
621 2635 771 2701 1033sqq.‚
791 2651 846 2685 cum
862 2636 902 2685 11.
918 2636 1045 2687 cbirisma
1061 2635 1088 2686 P.
1103 2635 1174 2698 Xlll‚
1189 2634 1250 2703 61],
1268 2643 1353 2686 tamen
1367 2635 1415 2684 boo

288 2703 431 2768 poematica
446 2718 493 2752 aaa
506 2702 539 2752 ab
552 2703 606 2769 ipso
621 2703 715 2767 trud,
736 2703 780 2754 sed
793 2704 825 2755 ab
838 2705 889 2754 alio
902 2703 976 2770 poete
983 2743 991 2768 ,
1013 2707 1054 2771 qui
1074 2706 1226 2772 Apotheosis
1239 2711 1416 2768 argumentum

287 2772 406 2822 'versibus
419 2772 554 2837 complecti
567 2772 665 2836 voluit,
685 2773 850 2839 compositam
864 2787 921 2824 esee
934 2772 1033 2825 iudica:
1048 2790 1129 2840 aeque
1146 2773 1264 2840 impedit,
1278 2774 1416 2840 quominus

289 2840 418 2891 llincmar.
432 2839 567 2890 llbemeas.
583 2839 603 2890 l.
618 2857 642 2908 p.
658 2842 716 2892 466.
732 2843 844 2894 eiusdem
858 2859 884 2893 v.
901 2844 910 2892 l
926 2859 981 2909 sqq.
997 2842 1103 2906 alferat,
1120 2843 1180 2910 quia
1192 2843 1305 2894 carmina
1315 2841 1417 2892 similia

289 2925 336 2960 aon
355 2909 395 2959 ita
415 2910 499 2959 multo.
512 2917 569 2975 post
581 2908 735 2962 Clementem
756 2911 973 2977 composita.esse
986 2928 1029 2963 vv.
1044 2912 1180 2964 multorum
1200 2913 1258 2964 edd.
1283 2913 1333 2962 Hic
1352 2913 1420 2962 libri

287 2982 392 3029 statuit
403 2984 455 3028 etc'.
470 2978 496 3028 ia
509 2978 558 3028 liae
574 2977 605 3028 Ps
625 2980 787 3031 cbomaebiae
801 2988 936 3046 extantes,
959 2982 1001 3047 qui
1015 2980 1165 3033 columbani
1178 2982 1281 3048 (poetae
1295 2979 1418 3044 aravi.)

290 3047 415 3111 terantur,
430 3048 538 3110 doceat3
557 3047 591 3107 cf.
607 2995 697 3099 ibam.
716 3049 808 3100 Smitb.
830 3051 940 3114 catalog.
955 3050 1018 3101 bibl.
1034 3049 1135 3102 Cotton.
1157 3049 1287 3118 Cleopatr.
1304 3048 1375 3112 Vlll,
1392 3049 1416 3098 l.

288 3133 312 3183 p.
336 3118 395 3168 lli.
416 3114 469 3166 Pol.
489 3116 594 3183 Leyseri
614 3117 704 3169 bistor.
726 3126 824 3184 poetar.
839 3126 865 3169 et
883 3133 963 3184 poem.
977 3120 1044 3170 med.
1059 3121 1116 3171 aevi
1138 3137 1162 3186 p.
1179 3119 1261 3170 teo.“
1279 3147 1313 3156 -
1334 3118 1421 3168 Aliter

288 3187 385 3249 seatio,
409 3201 490 3251 neque
512 3187 638 3236 assentiar
650 3188 810 3251 editoribus,
831 3188 873 3253 qai
887 3189 996 3253 priorem
1011 3205 1054 3240 eos
1066 3189 1251 3255 praefationem
1264 3187 1375 3238 credunt
1390 3202 1421 3236 ac

276 3254 324 3306 ¹ita
345 3253 398 3305 lere
417 3255 479 3322 ipsis
497 3254 657 3306 inscribunt·
676 3255 737 3306 litai
755 3271 847 3307 versas
872 3257 915 3307 isti
935 3265 994 3308 sunt
1021 3258 1099 3309 totius
1117 3259 1293 3324 Apatbeaseos
1312 3256 1418 3310 lerneus.

287 3325 360 3376 cuias
369 3325 479 3375 elocutio
491 3325 592 3394 omuino
604 3325 775 3376 Prudentiana
788 3335 837 3389 est,
853 3325 968 3392 quodque
981 3327 1101 3392 incapite
1114 3327 1237 3394 poematis
1248 3328 1330 3376 locum
1346 3333 1419 3372 suum

242 3395 244 3402 ’
288 3401 426 3461 opportune
439 3401 536 3446 tuetur.
568 3393 607 3445 lta
620 3403 646 3444 et
659 3393 788 3445 Weiteius
801 3410 845 3445 eos
863 3396 995 3461 accepisse
1010 3397 1120 3448 videtur.
1147 3394 1237 3462 Neque
1257 3389 1419 3458 singularum

287 3459 461 3529 Apotheoseos
474 3464 614 3514 sectionum
626 3463 715 3514 titulos
729 3461 867 3513 Prudentio
880 3464 1097 3530 abiudicaverira,
1115 3467 1230 3532 quamvls
1249 3463 1288 3514 illi
1300 3463 1326 3509 ia
1341 3459 1418 3528 codd.

286 3533 354 3583 obvii
377 3533 493 3598 hispidas
512 3527 589 3598 atque
606 3535 677 3582 radis
691 3532 854 3582 librariorum
870 3533 937 3584 ictus
958 3534 1011 3584 siut
1022 3535 1155 3588 censendi.
1180 3533 1310 3584 Lemmata
1324 3528 1420 3594 quippe

287 3601 362 3664 longe
380 3609 439 3652 ante
461 3610 574 3652 nostrum
592 3601 617 3650 ia
635 3617 683 3652 usu
704 3609 787 3652 erant.
808 3601 911 3666 Clarum
929 3604 991 3653 mibi
1010 3605 1154 3670 exemplum
1173 3617 1204 3654 ee
1217 3602 1242 3651 ia
1255 3613 1284 3649 re
1298 3603 1361 3647 suut
1373 3596 1421 3646 illa

290 3668 342 3719 XX
354 3670 475 3720 librorum
489 3669 567 3721 Gellii
583 3670 697 3720 Noctium
711 3671 869 3732 Atticarum,
891 3685 955 3736 qaae
967 3673 1039 3723 multi
1053 3668 1251 3739 sequiorisaevi
1263 3665 1421 3726 credebaut,

289 3744 423 3805 antequam
443 3740 468 3788 ia
489 3739 652 3805 palimpsesto
664 3737 753 3791 XXlV
772 3737 943 3790 bibliothecae
961 3740 1109 3806 Palatinae,
1129 3741 1171 3807 qai
1190 3753 1244 3790 sec.
1258 3733 1280 3785 V
1293 3743 1422 3786 exaratus

211 3825 213 3832 >
291 3804 349 3866 luit,
362 3821 376 3856 a
390 3809 423 3858 cl.
440 3807 579 3860 Nlebabrio
593 3810 660 3859 iuter
673 3809 726 3859 alia
739 3801 866 3878 κειμήλια
879 3807 978 3860 detecta
998 3819 1025 3862 et
1060 3819 1099 3861 ost
1112 3825 1168 3860 eam
1189 3821 1256 3859 ame
1268 3803 1423 3855 accuratius

226 3887 228 3894 ’
289 3873 444 3940 perlustrata
457 3886 553 3928 essent.
570 3876 636 3945 [Cir.
652 3877 717 3928 Plin.
732 3877 775 3928 lV.
789 3894 829 3944 ep.
843 3877 886 3927 tt.
905 3875 1020 3931 lllartial.
1035 3826 1107 3944 AN,
1121 3877 1158 3948 2].
1177 3875 1316 3934 bemmatis
1334 3879 1423 3924 autem

343 4023 365 4072 l.
382 4021 447 4089 tria]
461 4025 560 4076 Ariani
571 4026 694 4076 dicebant
705 4031 761 4076 tres
774 4041 830 4074 essa
857 4028 930 4076 'tres
949 4041 1098 4093 personas,
1124 4023 1194 4076 male
1214 4029 1271 4073 tres
1289 4022 1424 4071 substan-

287 4098 457 4156 pererrasset
472 4099 528 4143 tres
539 4097 709 4146 substantias
721 4099 747 4144 in
762 4093 828 4164 dioi-
873 4097 937 4159 tias,
956 4095 1107 4164 Sabelliani
1119 4095 1180 4144 bene
1194 4105 1274 4140 anans
1292 4091 1424 4139 substan-

287 4165 385 4224 nitate·
396 4162 469 4225 fides
479 4169 568 4214 autem
579 4164 716 4215 catholica
725 4166 829 4213 atrias·
873 4167 949 4228 tiam,
962 4163 1034 4215 male
1044 4177 1126 4214 auam
1135 4173 1278 4228 personam
1290 4158 1425 4210 dicebant

288 4247 339 4296 pac
351 4229 473 4282 decs'taas
485 4248 601 4284 marem
621 4247 704 4282 ursam
717 4231 828 4281 deitatis
871 4233 906 4298 gl.
921 4249 945 4284 a.

287 4301 469 4351 substantiam
488 4307 516 4351 et
533 4307 588 4353 tres
608 4316 739 4366 personas
752 4315 828 4351 cera-

288 4373 359 4419 citer
380 4370 517 4434 affimat.
548 4369 618 4423 Nam
641 4371 741 4422 Asiani
764 4371 828 4420 beas
923 4369 949 4422 2.
961 4361 1067 4436 genita]
1080 4366 1141 4419 Vid.
1156 4367 1185 4418 C.
1203 4365 1249 4424 tx,
1269 4367 1311 4416 to.
