3046 4830
658 278 732 330 tun.
750 280 929 332 rubnnirtl
946 281 1045 334 etun.

444 462 582 528 Plurima
599 473 684 543 sunt,
704 469 758 530 sed
771 483 869 544 pauca
885 470 1004 547 loquar,
1024 486 1064 532 ne
1078 471 1146 534 dira
1161 472 1262 536 relatu

379 560 522 636 (logmata
540 563 722 623 catholicam
741 565 897 624 maculent
913 565 993 626 male
1007 565 1128 640 prodita
1146 567 1295 642 linguam.

379 651 435 715 ille
450 653 574 717 Patrem
590 657 708 732 pellens
725 657 804 717 solio
821 658 959 720 detrudit
973 659 1005 720 in
1021 663 1125 722 artum

379 751 518 824 corporis
535 751 661 812 bumani
678 756 852 828 gestamen,
870 768 928 812 nec
943 757 1036 829 pavet
1051 754 1152 828 ipsum

294 856 304 896 ,-
377 844 533 904 obleclare
550 846 618 904 neci
635 844 776 920 trinoque
791 845 929 920 adfigere
947 846 1045 922 ligno.

442 935 647 998 passibilisne
663 935 770 1000 beust
792 940 883 1002 cuius
900 942 1019 1015 species
1035 945 1065 1000 et
1080 941 1185 1016 imago

377 1032 452 1092 inulti
470 1035 537 1094 visa
552 1049 707 1109 unquam:
727 1049 784 1094 nee
800 1036 880 1096 enim
899 1035 1102 1110 conprendier
1117 1034 1171 1096 illa

379 1130 527 1191 maiestas
545 1132 645 1192 tacitis
662 1147 796 1194 sensuve
812 1134 953 1194 oerrlisre
969 1147 1113 1194 manuve.

376 1219 502 1285 loannis
520 1227 622 1300 magni
640 1228 771 1286 celebris
788 1227 942 1287 sententia
958 1232 1083 1301 praesto
1104 1231 1164 1300 est,

378 1318 458 1379 haud
478 1332 610 1394 unquam
628 1323 742 1380 testata
761 1317 860 1382 Deum
875 1321 1015 1395 poluisse
1033 1321 1143 1382 videri.

375 1407 432 1472 Ille
447 1411 553 1488 Pater,
572 1429 663 1489 quem
679 1414 765 1476 nulla
781 1416 865 1476 acles
880 1417 1017 1476 violenta
1034 1416 1148 1477 tuendo

376 1510 497 1570 eminus
512 1511 650 1571 arctantis
666 1511 842 1586 penetravit
857 1512 1001 1572 acumine
1016 1513 1116 1585 nisus,

379 1607 430 1678 qui
448 1619 482 1664 se
499 1606 596 1666 lorma
615 1606 749 1667 bominis
766 1621 826 1667 non
843 1606 945 1668 lnduit
961 1611 992 1666 et
1008 1606 1132 1668 deitatis

380 1700 554 1762 inmensum
571 1703 735 1777 adsumpto
750 1717 812 1763 non
828 1705 981 1777 temperat
996 1717 1050 1763 ore
1065 1701 1207 1762 modove.

372 1792 439 1854 Ant
454 1795 626 1871 evangelici
643 1794 742 1868 pietas
758 1795 931 1870 spernendo
948 1795 1043 1855 libelli

373 1889 447 1964 ianr,
467 1889 655 1964 blaspheme,
673 1889 729 1949 tibi
747 1893 812 1949 est:
832 1892 888 1950 aut
903 1903 1063 1964 nunquam
1078 1888 1146 1948 visa
1164 1887 1245 1947 beati

373 1985 421 2045 vls
438 1986 555 2045 intacta
569 1982 674 2045 Patris
691 2000 752 2046 non
768 1985 966 2046 admiscenda
983 1984 1130 2046 caducist

375 2074 434 2142 Sed
451 2084 554 2155 tamen
572 2084 602 2139 et
619 2077 723 2142 Patris
740 2085 789 2141 est
804 2082 971 2156 specimen,
990 2080 1071 2157 qnod
1088 2093 1216 2141 cernere
1231 2077 1280 2138 las
1296 2079 1349 2149 sit,

371 2174 516 2235 humanis
532 2173 696 2249 aliqnando
712 2175 812 2236 ootllis
829 2189 1017 2236 concurrere
1033 2177 1220 2250 promptum,

289 2277 321 2326 ab
372 2267 452 2342 quod
470 2268 613 2342 quamvis
629 2267 722 2328 hebes
738 2267 874 2330 intuitus
891 2268 1104 2342 speculamine
1119 2267 1232 2342 glauco

356 2452 457 2522 Septem
472 2457 546 2507 huius
564 2457 690 2522 poematis
708 2465 768 2508 sunt
786 2456 929 2508 sectiones:
958 2457 1061 2508 Contra
1081 2459 1205 2507 tacrnsin
1224 2469 1293 2518 quac
1306 2453 1415 2504 Patrem

284 2538 397 2589 passum
411 2541 467 2574 esse
481 2529 607 2590 affirmat
621 2525 734 2589 Weiss,
754 2527 853 2590 Incipit
867 2532 963 2576 contra
976 2529 1089 2576 heresim
1103 2541 1172 2590 quae
1182 2530 1292 2590 patrem
1304 2538 1416 2588 passrtm
1510 2555 1511 2570 i

286 2591 435 2656 qsfirunnnt
448 2610 480 2656 n,
502 2598 605 2644 Contra
619 2595 734 2645 heresim
749 2611 818 2661 qnae
828 2601 935 2660 patrem
948 2611 1059 2661 passum
1073 2596 1206 2658 adfirmat
1224 2591 1302 2642 ehm
1317 2591 1357 2653 (in
1372 2593 1418 2640 boe

286 2662 444 2725 affirmant)
461 2663 576 2724 1...111;
596 2669 693 2714 contra
706 2665 870 2714 sabellianos
883 2665 953 2726 itae,
969 2665 1070 2715 Contra
1084 2667 1222 2713 obionitae
1236 2675 1292 2721 un,
1314 2661 1417 2712 Contra
1510 2665 1511 2682 ¹

285 2733 426 2780 platonitas
439 2731 611 2782 Sabellianos
626 2731 656 2793 b,
678 2735 780 2784 Contra
797 2731 939 2784 llnionitas
950 2733 1053 2783 Sabelli
1063 2747 1086 2781 m
1100 2730 1252 2790 178...320,·
1266 2729 1419 2780 Adversum.

284 2798 398 2848 ludaeos
412 2797 469 2849 nar.
484 2817 502 2849 α
515 2815 530 2850 a
545 2801 558 2850 b
573 2817 595 2850 m
609 2801 763 2868 321...5513
783 2804 1002 2852 domunciorn'tas
1017 2802 1086 2865 lice,
1108 2801 1212 2851 Contra
1225 2799 1419 2848 llornuncioni-

286 2871 329 2916 tas
343 2884 361 2916 a
374 2881 390 2917 a
402 2882 441 2928 m,
462 2869 563 2919 Contra
575 2871 793 2921 lrornunez'onitas
807 2875 837 2920 .i.
853 2873 985 2920 ebionitas
996 2872 1037 2920 uel
1048 2872 1226 2920 nicreionitns
1237 2867 1251 2916 b
1262 2866 1319 2916 552.
1328 2867 1397 2916 ..181
1410 2884 1418 2928 3

284 2935 325 2984 lin
345 2941 446 2986 natura
466 2942 573 2986 nnr'muc
594 2937 650 2989 nst.
667 2940 943 3001 ααΙιιιι182...952;
967 2939 1116 2990 Adversum
1130 2939 1350 3004 fantasmaticos
1371 2938 1420 3000 qni

284 3006 417 3054 ebriatum
437 3012 539 3072 negant
557 3023 649 3057 uerum
669 3025 765 3074 eorpus
785 3009 910 3058 tabuisse
929 3007 986 3060 Ral.
1003 3025 1021 3057 α
1034 3023 1050 3059 a
1063 3009 1077 3058 b
1091 3023 1113 3056 m
1135 3006 1172 3072 (li
1193 3005 1276 3056 ultimi
1296 3005 1346 3054 dne
1360 3019 1417 3054 eum

285 3071 342 3124 ilar.
366 3090 455 3124 oerum
477 3078 592 3125 dominis
606 3092 702 3140 corpus
716 3079 852 3140 tabuisse)
870 3078 1041 3140 953...1062;
1063 3079 1100 3127 De
1120 3079 1303 3125 resurectione
1321 3077 1419 3124 carnis

283 3142 416 3192 dumanas
431 3142 488 3194 nat.
504 3160 543 3209 m,
564 3145 633 3194 nulla
648 3147 781 3212 inscriptio
796 3163 812 3194 n
826 3148 870 3196 ab
887 3147 1065 3198 1063...1085.
1098 3145 1165 3194 istos
1179 3144 1278 3205 titulos,
1293 3141 1418 3208 quemad-

282 3213 380 3261 modum
396 3213 469 3263 bodie
484 3215 615 3278 leguntur,
630 3231 678 3265 non
692 3213 825 3264 Prudentii
839 3231 906 3274 esse,
922 3217 972 3265 iarn
987 3229 1085 3266 summa
1098 3229 1184 3263 eornm
1199 3213 1312 3262 varietus
1328 3211 1419 3261 lectio·

282 3297 339 3331 num
354 3281 380 3331 in
394 3284 467 3332 codd.
490 3298 546 3332 cam
567 3284 677 3350 ipsorum
692 3291 777 3334 notate
791 3299 910 3334 crescens
933 3285 997 3336 satis
1011 3299 1135 3350 superque
1150 3283 1234 3332 docet.
1260 3279 1359 3329 idcireo
1373 3295 1418 3330 eos

282 3352 301 3400 Α
315 3367 330 3418 q
344 3368 359 3401 n
373 3349 429 3400 Gis.
446 3351 477 3402 ll.
493 3351 581 3402 Helos.
597 3355 674 3403 trev.
687 3351 752 3403 etl.
769 3354 1008 3420 praetermiserunt.
1026 3355 1049 3403 l.
1065 3353 1162 3417 loquor
1176 3351 1237 3400 don.
1255 3349 1264 3398 1
1277 3365 1307 3416 qq
1322 3350 1392 3398 nib.

349 3420 374 3470 2.
393 3422 503 3484 perdita
517 3421 537 3472 Ε
552 3438 576 3486 q.
695 3423 720 3472 3.
740 3423 795 3474 Illa
808 3421 838 3474 E.
959 3425 983 3472 5.
1005 3423 1115 3488 afficere
1132 3422 1179 3470 ln.
1298 3419 1323 3467 7.
1346 3435 1416 3466 rom·

278 3489 441 3552 preliandier
455 3491 464 3540 1
476 3507 493 3538 n
507 3507 538 3560 ιι,
556 3491 605 3540 illu
620 3506 669 3540 orn.
687 3506 712 3542 a.
852 3491 877 3544 a.
898 3491 1030 3542 lodcnncs
1050 3508 1067 3539 c
1091 3489 1158 3556 [Cir¹
1174 3487 1204 3538 C.
1220 3485 1264 3548 vl,
1281 3487 1340 3537 108.
1357 3485 1415 3546 Vll,
1507 3543 1508 3550 ,

279 3555 335 3624 nb].
469 3559 509 3608 11.
523 3561 653 3610 uiolentia
671 3562 722 3610 lm.
860 3561 901 3610 13.
914 3562 1014 3627 forma
1027 3577 1045 3609 α
1058 3557 1134 3608 Febr.
1153 3555 1208 3608 Gis.
1223 3555 1346 3606 Heinsius
1359 3571 1416 3606 enm

279 3627 333 3674 suis
347 3624 412 3675 cett.
426 3627 502 3675 Arar.
519 3628 584 3677 dot.
602 3628 666 3694 [cb.
681 3629 748 3679 inira
762 3631 821 3680 136.
838 3627 911 3696 4311,
924 3632 1049 3694 sormam
1064 3627 1181 3690 Weiss,
1196 3627 1275 3691 requ.
1293 3625 1375 3674 nostri
1391 3633 1416 3672 ct

279 3695 386 3744 aliorum
401 3696 490 3760 scripti
506 3697 562 3746 tlt.
583 3697 664 3762 Lugd.
682 3698 750 3748 Sielr.
762 3707 815 3748 tres
833 3697 930 3748 Weitz.
947 3697 1023 3748 Cher.
1040 3696 1122 3747 Poett.
1138 3697 1250 3754 Amstm,
1271 3711 1300 3742 sa
1314 3696 1415 3758 injer-

278 3779 350 3812 marn
363 3765 429 3811 coni.
446 3765 511 3813 ult.
656 3767 696 3817 18.
718 3775 743 3818 et
757 3785 781 3834 p.
802 3774 842 3816 cst
854 3769 875 3816 A
890 3767 910 3817 E
926 3766 953 3830 P,
975 3781 1024 3816 om.
1040 3773 1081 3816 est
1098 3765 1138 3816 'll
1153 3782 1186 3815 rr.
1203 3778 1235 3824 ιι,
1255 3763 1311 3814 Sed
1321 3764 1415 3825 patris
1506 3783 1507 3796 r

279 3838 367 3880 turrann
381 3838 567 3896 cstspccrtncn
587 3832 608 3883 T
623 3835 683 3886 bod.
702 3836 727 3899 l3
749 3840 801 3902 sas
815 3841 856 3886 ert
873 3836 892 3886 Α
908 3837 927 3886 11
942 3850 967 3886 tl.
987 3836 1059 3901 prob.
1075 3835 1158 3898 obt,
1183 3832 1253 3894 vulg.
1276 3832 1338 3882 lect.
1353 3844 1416 3880 eon-

277 3899 361 3950 iirmal
374 3899 470 3951 Weiss.
587 3905 626 3954 19.
645 3912 805 3972 promptum
818 3910 860 3955 est
872 3920 887 3954 a
901 3919 925 3970 q.
1045 3905 1086 3952 20.
1108 3904 1200 3953 clatrso
1215 3903 1235 3950 Α
1251 3900 1270 3950 Ε
1285 3898 1304 3950 Ρ
1317 3898 1338 3952 ll
1352 3909 1415 3962 lna!
1505 3927 1506 3948 ;

277 3968 389 4033 Weiss.)

255 4097 260 4110 ’
329 4108 349 4156 l.
369 4108 439 4158 itt.
460 4109 710 4176 patripassianorum
731 4112 820 4162 contu·
914 4111 940 4162 8.
951 4109 1093 4176 maiestas]
1109 4103 1309 4159 divinitasliir.
1321 4105 1412 4156 Barth.

275 4176 356 4237 latio,
383 4178 413 4227 de
436 4179 527 4243 quibus
550 4181 602 4229 vid.
626 4178 736 4230 Tertull.
758 4182 817 4232 adv.
864 4181 929 4231 Λᾶν.
945 4177 979 4239 Χ,
996 4181 1020 4228 5.

275 4243 349 4294 Pras.
365 4263 387 4295 c.
406 4249 414 4296 1
430 4263 475 4312 sqq
491 4285 498 4310 ,
513 4249 620 4311 August.
636 4249 780 4299 detineres.
793 4266 818 4299 ιι.

273 4315 316 4377 ll,
332 4313 423 4364 isidor.
439 4315 511 4380 Orig.
527 4315 594 4378 Viti,
610 4318 635 4364 5.
915 4319 940 4369 9.
962 4317 998 4368 lo.
1017 4317 1040 4379 l,
1058 4316 1104 4377 183
1124 4314 1208 4377 6,16.
